<?xml version="1.0" encoding="UTF-8"?>
<!DOCTYPE html PUBLIC "-//W3C//DTD XHTML 1.0 Transitional//EN"
    "http://www.w3.org/TR/xhtml1/DTD/xhtml1-transitional.dtd">
<html xmlns="http://www.w3.org/1999/xhtml" xml:lang="en" lang="en">
 <head>
  <title>
</title>
<meta http-equiv="Content-Type" content="text/html;charset=utf-8" />
  <meta name='ocr-system' content='tesseract 3.04.00' />
  <meta name='ocr-capabilities' content='ocr_page ocr_carea ocr_par ocr_line ocrx_word'/>
</head>
<body>
  <div class='ocr_page' id='page_1' title='image "./iustinustrogipo00troggoog_0432.png"; bbox 0 0 2442 3975; ppageno 0'>
   <div class='ocr_carea' id='block_1_1' title="bbox 97 156 1142 230">
    <p class='ocr_par' dir='ltr' id='par_1_1' title="bbox 97 156 1142 230">
     <span class='ocr_line' id='line_1_1' title="bbox 97 156 1142 230; baseline -0.005 0"><span class='ocrx_word' id='word_1_1' title='bbox 97 156 101 165; x_wconf 75' lang='grc'><strong>’</strong></span> <span class='ocrx_word' id='word_1_2' title='bbox 147 168 209 230; x_wconf 81' lang='lat' dir='ltr'>ata</span> <span class='ocrx_word' id='word_1_3' title='bbox 508 174 617 225; x_wconf 76' lang='lat' dir='ltr'>raom</span> <span class='ocrx_word' id='word_1_4' title='bbox 635 174 767 223; x_wconf 79' lang='lat' dir='ltr'>eonem</span> <span class='ocrx_word' id='word_1_5' title='bbox 973 164 1142 225; x_wconf 69' lang='lat' dir='ltr'>xenia-t</span> 
     </span>
    </p>
   </div>
   <div class='ocr_carea' id='block_1_2' title="bbox 102 325 1146 3473">
    <p class='ocr_par' dir='ltr' id='par_1_2' title="bbox 102 325 1146 3473">
     <span class='ocr_line' id='line_1_2' title="bbox 102 325 1143 403; baseline -0.003 -12"><span class='ocrx_word' id='word_1_6' title='bbox 102 384 107 391; x_wconf 60' lang='lat'><em>„</em></span> <span class='ocrx_word' id='word_1_7' title='bbox 148 333 222 401; x_wconf 86' lang='lat' dir='ltr'>ostie</span> <span class='ocrx_word' id='word_1_8' title='bbox 245 331 357 393; x_wconf 80' lang='lat' dir='ltr'>Rodani</span> <span class='ocrx_word' id='word_1_9' title='bbox 389 330 479 394; x_wconf 87' lang='lat' dir='ltr'>amuis</span> <span class='ocrx_word' id='word_1_10' title='bbox 500 329 529 391; x_wconf 91' lang='lat' dir='ltr'>iu</span> <span class='ocrx_word' id='word_1_11' title='bbox 547 337 662 389; x_wconf 89' lang='lat' dir='ltr'>remoto</span> <span class='ocrx_word' id='word_1_12' title='bbox 678 328 762 401; x_wconf 86' lang='lat' dir='ltr'>sinu,</span> <span class='ocrx_word' id='word_1_13' title='bbox 778 326 858 386; x_wconf 86' lang='lat' dir='ltr'>velut</span> <span class='ocrx_word' id='word_1_14' title='bbox 874 326 903 384; x_wconf 91' lang='lat' dir='ltr'>in</span> <span class='ocrx_word' id='word_1_15' title='bbox 917 325 1024 403; x_wconf 78' lang='lat' dir='ltr'>angulo</span> <span class='ocrx_word' id='word_1_16' title='bbox 1040 327 1143 388; x_wconf 83' lang='lat' dir='ltr'>maris.</span> 
     </span>
     <span class='ocr_line' id='line_1_3' title="bbox 106 407 1141 491; baseline -0.008 -14"><span class='ocrx_word' id='word_1_17' title='bbox 106 430 141 485; x_wconf 76' lang='lat'>13</span> <span class='ocrx_word' id='word_1_18' title='bbox 151 415 212 477; x_wconf 88' lang='lat' dir='ltr'>Sed</span> <span class='ocrx_word' id='word_1_19' title='bbox 230 413 351 491; x_wconf 76' lang='lat' dir='ltr'>Ligures</span> <span class='ocrx_word' id='word_1_20' title='bbox 371 411 555 472; x_wconf 75' lang='lat' dir='ltr'>incrementis</span> <span class='ocrx_word' id='word_1_21' title='bbox 577 410 658 470; x_wconf 92' lang='lat' dir='ltr'>urbis</span> <span class='ocrx_word' id='word_1_22' title='bbox 678 410 841 469; x_wconf 74' lang='lat' dir='ltr'>invidentes</span> <span class='ocrx_word' id='word_1_23' title='bbox 860 407 988 469; x_wconf 84' lang='lat' dir='ltr'>Graecos</span> <span class='ocrx_word' id='word_1_24' title='bbox 1010 408 1141 470; x_wconf 89' lang='lat' dir='ltr'>adsiduis</span> 
     </span>
     <span class='ocr_line' id='line_1_4' title="bbox 148 492 1140 572; baseline -0.009 -13"><span class='ocrx_word' id='word_1_25' title='bbox 148 496 235 559; x_wconf 89' lang='lat' dir='ltr'>bellis</span> <span class='ocrx_word' id='word_1_26' title='bbox 252 495 427 572; x_wconf 74' lang='lat' dir='ltr'>fatigabant,</span> <span class='ocrx_word' id='word_1_27' title='bbox 443 494 492 571; x_wconf 91' lang='lat' dir='ltr'>qui</span> <span class='ocrx_word' id='word_1_28' title='bbox 508 493 641 572; x_wconf 86' lang='lat' dir='ltr'>periculo</span> <span class='ocrx_word' id='word_1_29' title='bbox 651 492 850 572; x_wconf 91' lang='lat' dir='ltr'>propulsando</span> <span class='ocrx_word' id='word_1_30' title='bbox 864 492 894 550; x_wconf 90' lang='lat' dir='ltr'>in</span> <span class='ocrx_word' id='word_1_31' title='bbox 909 500 1016 551; x_wconf 89' lang='lat' dir='ltr'>tantum</span> <span class='ocrx_word' id='word_1_32' title='bbox 1027 493 1140 551; x_wconf 91' lang='lat' dir='ltr'>enitue-</span> 
     </span>
     <span class='ocr_line' id='line_1_5' title="bbox 148 572 1140 656; baseline -0.006 -16"><span class='ocrx_word' id='word_1_33' title='bbox 148 589 228 656; x_wconf 85' lang='lat' dir='ltr'>runt,</span> <span class='ocrx_word' id='word_1_34' title='bbox 256 588 287 638; x_wconf 92' lang='lat' dir='ltr'>ut</span> <span class='ocrx_word' id='word_1_35' title='bbox 314 577 397 637; x_wconf 88' lang='lat' dir='ltr'>victis</span> <span class='ocrx_word' id='word_1_36' title='bbox 425 576 610 637; x_wconf 86' lang='lat' dir='ltr'>hostibus.in</span> <span class='ocrx_word' id='word_1_37' title='bbox 633 576 755 654; x_wconf 82' lang='lat' dir='ltr'>captivis</span> <span class='ocrx_word' id='word_1_38' title='bbox 779 576 857 652; x_wconf 91' lang='lat' dir='ltr'>agris</span> <span class='ocrx_word' id='word_1_39' title='bbox 879 575 983 634; x_wconf 89' lang='lat' dir='ltr'>multas</span> <span class='ocrx_word' id='word_1_40' title='bbox 1006 572 1140 635; x_wconf 90' lang='lat' dir='ltr'>colonias</span> 
     </span>
     <span class='ocr_line' id='line_1_6' title="bbox 149 662 367 725; baseline -0.023 -1"><span class='ocrx_word' id='word_1_41' title='bbox 149 662 367 725; x_wconf 78' lang='lat' dir='ltr'>constituerent.</span> 
     </span>
     <span class='ocr_line' id='line_1_7' title="bbox 120 739 1140 819; baseline -0.006 -13"><span class='ocrx_word' id='word_1_42' title='bbox 120 762 135 813; x_wconf 94' lang='lat'>1</span> <span class='ocrx_word' id='word_1_43' title='bbox 209 750 239 806; x_wconf 85' lang='grc'>4.</span> <span class='ocrx_word' id='word_1_44' title='bbox 262 743 308 802; x_wconf 78' lang='lat' dir='ltr'>Ab</span> <span class='ocrx_word' id='word_1_45' title='bbox 335 742 380 803; x_wconf 91' lang='lat' dir='ltr'>his</span> <span class='ocrx_word' id='word_1_46' title='bbox 404 740 490 818; x_wconf 92' lang='lat' dir='ltr'>igitur</span> <span class='ocrx_word' id='word_1_47' title='bbox 517 739 592 801; x_wconf 83' lang='lat' dir='ltr'>Galli</span> <span class='ocrx_word' id='word_1_48' title='bbox 610 751 640 801; x_wconf 92' lang='lat' dir='ltr'>et</span> <span class='ocrx_word' id='word_1_49' title='bbox 658 760 739 809; x_wconf 86' lang='lat' dir='ltr'>usum</span> <span class='ocrx_word' id='word_1_50' title='bbox 757 741 834 802; x_wconf 81' lang='lat' dir='ltr'>ritae</span> <span class='ocrx_word' id='word_1_51' title='bbox 856 740 986 801; x_wconf 90' lang='lat' dir='ltr'>cultioris</span> <span class='ocrx_word' id='word_1_52' title='bbox 1001 740 1140 819; x_wconf 78' lang='lat' dir='ltr'>deposita</span> 
     </span>
     <span class='ocr_line' id='line_1_8' title="bbox 148 823 1141 901; baseline -0.009 -11"><span class='ocrx_word' id='word_1_53' title='bbox 148 848 184 890; x_wconf 91' lang='lat' dir='ltr'>ac</span> <span class='ocrx_word' id='word_1_54' title='bbox 198 825 394 888; x_wconf 82' lang='lat' dir='ltr'>mansuefacta</span> <span class='ocrx_word' id='word_1_55' title='bbox 408 823 541 883; x_wconf 88' lang='lat' dir='ltr'>barbaria</span> <span class='ocrx_word' id='word_1_56' title='bbox 550 833 580 884; x_wconf 92' lang='lat' dir='ltr'>et</span> <span class='ocrx_word' id='word_1_57' title='bbox 591 836 727 901; x_wconf 86' lang='lat' dir='ltr'>agrorum</span> <span class='ocrx_word' id='word_1_58' title='bbox 740 824 834 883; x_wconf 89' lang='lat' dir='ltr'>cultus</span> <span class='ocrx_word' id='word_1_59' title='bbox 846 833 876 884; x_wconf 91' lang='lat' dir='ltr'>et</span> <span class='ocrx_word' id='word_1_60' title='bbox 887 823 975 883; x_wconf 91' lang='lat' dir='ltr'>urbes</span> <span class='ocrx_word' id='word_1_61' title='bbox 987 823 1141 882; x_wconf 90' lang='lat' dir='ltr'>moenibus</span> 
     </span>
     <span class='ocr_line' id='line_1_9' title="bbox 119 905 1142 990; baseline -0.012 -15"><span class='ocrx_word' id='word_1_62' title='bbox 119 914 269 990; x_wconf 73' lang='lat' dir='ltr'>tcingere</span> <span class='ocrx_word' id='word_1_63' title='bbox 283 908 451 968; x_wconf 87' lang='lat' dir='ltr'>didicerunt.</span> <span class='ocrx_word' id='word_1_64' title='bbox 480 905 560 966; x_wconf 79' lang='lat' dir='ltr'>&#39;l&#39;uuc</span> <span class='ocrx_word' id='word_1_65' title='bbox 578 916 607 966; x_wconf 92' lang='lat' dir='ltr'>et</span> <span class='ocrx_word' id='word_1_66' title='bbox 627 906 753 984; x_wconf 91' lang='lat' dir='ltr'>legibus,</span> <span class='ocrx_word' id='word_1_67' title='bbox 768 924 827 966; x_wconf 88' lang='lat' dir='ltr'>non</span> <span class='ocrx_word' id='word_1_68' title='bbox 842 908 928 968; x_wconf 90' lang='lat' dir='ltr'>armis</span> <span class='ocrx_word' id='word_1_69' title='bbox 943 906 1056 981; x_wconf 84' lang='lat' dir='ltr'>vivere,</span> <span class='ocrx_word' id='word_1_70' title='bbox 1071 915 1142 964; x_wconf 91' lang='lat' dir='ltr'>tune</span> 
     </span>
     <span class='ocr_line' id='line_1_10' title="bbox 149 989 1141 1070; baseline -0.007 -16"><span class='ocrx_word' id='word_1_71' title='bbox 149 1004 179 1055; x_wconf 92' lang='lat' dir='ltr'>et</span> <span class='ocrx_word' id='word_1_72' title='bbox 198 993 285 1053; x_wconf 86' lang='lat' dir='ltr'>vitem</span> <span class='ocrx_word' id='word_1_73' title='bbox 308 1000 434 1070; x_wconf 82' lang='lat' dir='ltr'>putare,</span> <span class='ocrx_word' id='word_1_74' title='bbox 453 998 521 1048; x_wconf 91' lang='lat' dir='ltr'>tunc</span> <span class='ocrx_word' id='word_1_75' title='bbox 541 989 649 1049; x_wconf 85' lang='lat' dir='ltr'>olivam</span> <span class='ocrx_word' id='word_1_76' title='bbox 670 1008 771 1050; x_wconf 86' lang='lat' dir='ltr'>serere</span> <span class='ocrx_word' id='word_1_77' title='bbox 787 998 980 1064; x_wconf 90' lang='lat' dir='ltr'>consuerunt,</span> <span class='ocrx_word' id='word_1_78' title='bbox 1004 989 1141 1066; x_wconf 78' lang='lat' dir='ltr'>adeoque</span> 
     </span>
     <span class='ocr_line' id='line_1_11' title="bbox 149 1071 1142 1153; baseline -0.006 -17"><span class='ocrx_word' id='word_1_79' title='bbox 149 1093 270 1153; x_wconf 90' lang='lat' dir='ltr'>magnus</span> <span class='ocrx_word' id='word_1_80' title='bbox 292 1083 321 1133; x_wconf 93' lang='lat' dir='ltr'>et</span> <span class='ocrx_word' id='word_1_81' title='bbox 341 1071 503 1133; x_wconf 91' lang='lat' dir='ltr'>hominibus</span> <span class='ocrx_word' id='word_1_82' title='bbox 524 1080 554 1131; x_wconf 89' lang='lat' dir='ltr'>et</span> <span class='ocrx_word' id='word_1_83' title='bbox 575 1074 664 1132; x_wconf 90' lang='lat' dir='ltr'>rebus</span> <span class='ocrx_word' id='word_1_84' title='bbox 686 1074 828 1150; x_wconf 87' lang='lat' dir='ltr'>inpositus</span> <span class='ocrx_word' id='word_1_85' title='bbox 849 1083 895 1132; x_wconf 87' lang='lat' dir='ltr'>est</span> <span class='ocrx_word' id='word_1_86' title='bbox 913 1073 1006 1148; x_wconf 90' lang='lat' dir='ltr'>nitor,</span> <span class='ocrx_word' id='word_1_87' title='bbox 1032 1080 1142 1131; x_wconf 91' lang='lat' dir='ltr'>utnon</span> 
     </span>
     <span class='ocr_line' id='line_1_12' title="bbox 149 1155 1141 1233; baseline -0.008 -12"><span class='ocrx_word' id='word_1_88' title='bbox 149 1158 271 1221; x_wconf 83' lang='lat' dir='ltr'>Graecia</span> <span class='ocrx_word' id='word_1_89' title='bbox 286 1158 314 1214; x_wconf 91' lang='lat' dir='ltr'>in</span> <span class='ocrx_word' id='word_1_90' title='bbox 332 1155 452 1215; x_wconf 83' lang='lat' dir='ltr'>Galliam</span> <span class='ocrx_word' id='word_1_91' title='bbox 467 1155 644 1233; x_wconf 81' lang='lat' dir='ltr'>emigrasse,</span> <span class='ocrx_word' id='word_1_92' title='bbox 661 1156 714 1216; x_wconf 91' lang='lat' dir='ltr'>sed</span> <span class='ocrx_word' id='word_1_93' title='bbox 730 1155 822 1216; x_wconf 84' lang='lat' dir='ltr'>Gallia</span> <span class='ocrx_word' id='word_1_94' title='bbox 836 1157 865 1214; x_wconf 92' lang='lat' dir='ltr'>in</span> <span class='ocrx_word' id='word_1_95' title='bbox 880 1155 1030 1216; x_wconf 88' lang='lat' dir='ltr'>Graeciam</span> <span class='ocrx_word' id='word_1_96' title='bbox 1047 1163 1141 1219; x_wconf 84' lang='lat' dir='ltr'>truns-</span> 
     </span>
     <span class='ocr_line' id='line_1_13' title="bbox 150 1241 669 1301; baseline -0.012 0"><span class='ocrx_word' id='word_1_97' title='bbox 150 1242 207 1301; x_wconf 89' lang='lat' dir='ltr'>lata</span> <span class='ocrx_word' id='word_1_98' title='bbox 222 1241 378 1299; x_wconf 85' lang='lat' dir='ltr'>videretur.</span> <span class='ocrx_word' id='word_1_99' title='bbox 666 1267 669 1271; x_wconf 56' lang='lat'>&lt;</span> 
     </span>
     <span class='ocr_line' id='line_1_14' title="bbox 120 1317 1140 1400; baseline -0.003 -18"><span class='ocrx_word' id='word_1_100' title='bbox 120 1334 138 1390; x_wconf 79' lang='lat' dir='ltr'>s</span> <span class='ocrx_word' id='word_1_101' title='bbox 208 1321 321 1382; x_wconf 92' lang='lat' dir='ltr'>Mortuo</span> <span class='ocrx_word' id='word_1_102' title='bbox 351 1338 424 1396; x_wconf 92' lang='lat' dir='ltr'>rege</span> <span class='ocrx_word' id='word_1_103' title='bbox 445 1317 546 1379; x_wconf 84' lang='lat' dir='ltr'>Manno</span> <span class='ocrx_word' id='word_1_104' title='bbox 571 1321 826 1399; x_wconf 84' lang='lat' dir='ltr'>Segobrigiorum‚</span> <span class='ocrx_word' id='word_1_105' title='bbox 853 1339 868 1381; x_wconf 92' lang='lat' dir='ltr'>a</span> <span class='ocrx_word' id='word_1_106' title='bbox 896 1337 953 1400; x_wconf 92' lang='lat' dir='ltr'>quo</span> <span class='ocrx_word' id='word_1_107' title='bbox 978 1318 1062 1379; x_wconf 92' lang='lat' dir='ltr'>locus</span> <span class='ocrx_word' id='word_1_108' title='bbox 1088 1338 1140 1379; x_wconf 89' lang='lat' dir='ltr'>ae-</span> 
     </span>
     <span class='ocr_line' id='line_1_15' title="bbox 151 1399 1142 1484; baseline -0.002 -19"><span class='ocrx_word' id='word_1_109' title='bbox 151 1413 254 1483; x_wconf 88' lang='lat' dir='ltr'>ceptus</span> <span class='ocrx_word' id='word_1_110' title='bbox 274 1402 441 1464; x_wconf 86' lang='lat' dir='ltr'>condendae</span> <span class='ocrx_word' id='word_1_111' title='bbox 457 1402 537 1461; x_wconf 93' lang='lat' dir='ltr'>urbis</span> <span class='ocrx_word' id='word_1_112' title='bbox 552 1403 664 1483; x_wconf 88' lang='lat' dir='ltr'>iuerat,</span> <span class='ocrx_word' id='word_1_113' title='bbox 683 1423 746 1464; x_wconf 92' lang='lat' dir='ltr'>cum</span> <span class='ocrx_word' id='word_1_114' title='bbox 764 1422 856 1481; x_wconf 89' lang='lat' dir='ltr'>reguo</span> <span class='ocrx_word' id='word_1_115' title='bbox 869 1404 944 1463; x_wconf 84' lang='lat' dir='ltr'>iilius</span> <span class='ocrx_word' id='word_1_116' title='bbox 957 1403 1020 1484; x_wconf 77' lang='lat' dir='ltr'>eius</span> <span class='ocrx_word' id='word_1_117' title='bbox 1036 1399 1142 1463; x_wconf 80' lang='lat' dir='ltr'>Coma·</span> 
     </span>
     <span class='ocr_line' id='line_1_16' title="bbox 149 1485 1142 1565; baseline -0.002 -18"><span class='ocrx_word' id='word_1_118' title='bbox 149 1506 202 1548; x_wconf 91' lang='lat' dir='ltr'>nus</span> <span class='ocrx_word' id='word_1_119' title='bbox 227 1486 436 1561; x_wconf 86' lang='lat' dir='ltr'>successisset,</span> <span class='ocrx_word' id='word_1_120' title='bbox 466 1486 632 1546; x_wconf 84' lang='lat' dir='ltr'>adfirmante</span> <span class='ocrx_word' id='word_1_121' title='bbox 661 1488 785 1565; x_wconf 91' lang='lat' dir='ltr'>quodam</span> <span class='ocrx_word' id='word_1_122' title='bbox 809 1487 931 1565; x_wconf 84' lang='lat' dir='ltr'>regulo:</span> <span class='ocrx_word' id='word_1_123' title='bbox 966 1485 1142 1564; x_wconf 88' lang='lat' dir='ltr'>quandoque</span> 
     </span>
     <span class='ocr_line' id='line_1_17' title="bbox 150 1569 1142 1649; baseline -0.003 -18"><span class='ocrx_word' id='word_1_124' title='bbox 150 1570 305 1631; x_wconf 81' lang='lat' dir='ltr'>Massiliam</span> <span class='ocrx_word' id='word_1_125' title='bbox 325 1569 416 1628; x_wconf 84' lang='lat' dir='ltr'>exitio</span> <span class='ocrx_word' id='word_1_126' title='bbox 432 1569 555 1629; x_wconf 84' lang='lat' dir='ltr'>finitimis</span> <span class='ocrx_word' id='word_1_127' title='bbox 572 1570 688 1648; x_wconf 90' lang='lat' dir='ltr'>populis</span> <span class='ocrx_word' id='word_1_128' title='bbox 704 1572 847 1649; x_wconf 79' lang='lat' dir='ltr'>futuram,</span> <span class='ocrx_word' id='word_1_129' title='bbox 863 1569 1142 1649; x_wconf 82' lang='lat' dir='ltr'>opprimendamque</span> 
     </span>
     <span class='ocr_line' id='line_1_18' title="bbox 119 1650 1142 1732; baseline -0.006 -14"><span class='ocrx_word' id='word_1_130' title='bbox 119 1656 177 1718; x_wconf 74' lang='lat' dir='ltr'>tin</span> <span class='ocrx_word' id='word_1_131' title='bbox 199 1655 264 1731; x_wconf 92' lang='lat' dir='ltr'>ipso</span> <span class='ocrx_word' id='word_1_132' title='bbox 283 1650 364 1728; x_wconf 80' lang='lat' dir='ltr'>or&#39;tu,</span> <span class='ocrx_word' id='word_1_133' title='bbox 383 1669 420 1710; x_wconf 91' lang='lat' dir='ltr'>ne</span> <span class='ocrx_word' id='word_1_134' title='bbox 434 1668 502 1710; x_wconf 84' lang='lat' dir='ltr'>mox</span> <span class='ocrx_word' id='word_1_135' title='bbox 517 1652 639 1713; x_wconf 89' lang='lat' dir='ltr'>validior</span> <span class='ocrx_word' id='word_1_136' title='bbox 656 1654 749 1732; x_wconf 88' lang='lat' dir='ltr'>ipsum</span> <span class='ocrx_word' id='word_1_137' title='bbox 765 1654 913 1714; x_wconf 88' lang='lat' dir='ltr'>obrueret.</span> <span class='ocrx_word' id='word_1_138' title='bbox 945 1651 1098 1712; x_wconf 83' lang='lat' dir='ltr'>subnectit</span> <span class='ocrx_word' id='word_1_139' title='bbox 1110 1661 1142 1712; x_wconf 87' lang='lat' dir='ltr'>et</span> 
     </span>
     <span class='ocr_line' id='line_1_19' title="bbox 148 1735 1142 1815; baseline -0.001 -19"><span class='ocrx_word' id='word_1_140' title='bbox 148 1736 227 1797; x_wconf 90' lang='lat' dir='ltr'>illam</span> <span class='ocrx_word' id='word_1_141' title='bbox 251 1736 393 1796; x_wconf 82' lang='lat' dir='ltr'>fabulam:</span> <span class='ocrx_word' id='word_1_142' title='bbox 423 1752 530 1793; x_wconf 87' lang='lat' dir='ltr'>canem·</span> <span class='ocrx_word' id='word_1_143' title='bbox 551 1735 706 1812; x_wconf 88' lang='lat' dir='ltr'>aliquando</span> <span class='ocrx_word' id='word_1_144' title='bbox 726 1746 809 1815; x_wconf 92' lang='lat' dir='ltr'>partu</span> <span class='ocrx_word' id='word_1_145' title='bbox 833 1737 982 1814; x_wconf 81' lang='lat' dir='ltr'>gravidam</span> <span class='ocrx_word' id='word_1_146' title='bbox 1003 1736 1099 1795; x_wconf 90' lang='lat' dir='ltr'>locum</span> <span class='ocrx_word' id='word_1_147' title='bbox 1123 1753 1142 1795; x_wconf 88' lang='lat' dir='ltr'>a</span> 
     </span>
     <span class='ocr_line' id='line_1_20' title="bbox 151 1817 1141 1899; baseline -0.003 -20"><span class='ocrx_word' id='word_1_148' title='bbox 151 1829 270 1899; x_wconf 86' lang='lat' dir='ltr'>pastore</span> <span class='ocrx_word' id='word_1_149' title='bbox 292 1818 427 1898; x_wconf 89' lang='lat' dir='ltr'>precario</span> <span class='ocrx_word' id='word_1_150' title='bbox 443 1818 572 1896; x_wconf 90' lang='lat' dir='ltr'>petisse,</span> <span class='ocrx_word' id='word_1_151' title='bbox 594 1820 623 1876; x_wconf 90' lang='lat' dir='ltr'>in</span> <span class='ocrx_word' id='word_1_152' title='bbox 643 1836 699 1897; x_wconf 94' lang='lat' dir='ltr'>quo</span> <span class='ocrx_word' id='word_1_153' title='bbox 716 1830 850 1893; x_wconf 90' lang='lat' dir='ltr'>pareret:</span> <span class='ocrx_word' id='word_1_154' title='bbox 873 1835 931 1897; x_wconf 92' lang='lat' dir='ltr'>quo</span> <span class='ocrx_word' id='word_1_155' title='bbox 948 1817 1069 1878; x_wconf 89' lang='lat' dir='ltr'>obtento</span> <span class='ocrx_word' id='word_1_156' title='bbox 1086 1819 1141 1877; x_wconf 91' lang='lat' dir='ltr'>ite·</span> 
     </span>
     <span class='ocr_line' id='line_1_21' title="bbox 149 1900 1141 1980; baseline -0.001 -17"><span class='ocrx_word' id='word_1_157' title='bbox 149 1911 213 1963; x_wconf 91' lang='lat' dir='ltr'>rato</span> <span class='ocrx_word' id='word_1_158' title='bbox 236 1903 364 1980; x_wconf 85' lang='lat' dir='ltr'>petisse,</span> <span class='ocrx_word' id='word_1_159' title='bbox 388 1909 419 1960; x_wconf 93' lang='lat' dir='ltr'>ut</span> <span class='ocrx_word' id='word_1_160' title='bbox 443 1900 498 1959; x_wconf 88' lang='lat' dir='ltr'>sibi</span> <span class='ocrx_word' id='word_1_161' title='bbox 515 1900 639 1961; x_wconf 89' lang='lat' dir='ltr'>educare</span> <span class='ocrx_word' id='word_1_162' title='bbox 651 1900 755 1961; x_wconf 88' lang='lat' dir='ltr'>eodem</span> <span class='ocrx_word' id='word_1_163' title='bbox 766 1900 875 1979; x_wconf 86' lang='lat' dir='ltr'>inloco</span> <span class='ocrx_word' id='word_1_164' title='bbox 890 1902 1002 1963; x_wconf 87' lang='lat' dir='ltr'>catulos</span> <span class='ocrx_word' id='word_1_165' title='bbox 1019 1901 1141 1962; x_wconf 85' lang='lat' dir='ltr'>liceret:</span> 
     </span>
     <span class='ocr_line' id='line_1_22' title="bbox 148 1978 1142 2065; baseline -0.001 -18"><span class='ocrx_word' id='word_1_166' title='bbox 148 1984 186 2047; x_wconf 91' lang='lat' dir='ltr'>ad</span> <span class='ocrx_word' id='word_1_167' title='bbox 214 1996 389 2064; x_wconf 88' lang='lat' dir='ltr'>postremum</span> <span class='ocrx_word' id='word_1_168' title='bbox 414 1983 518 2044; x_wconf 90' lang='lat' dir='ltr'>adultis</span> <span class='ocrx_word' id='word_1_169' title='bbox 538 1978 647 2046; x_wconf 73' lang='lat' dir='ltr'>&#39;catulis</span> <span class='ocrx_word' id='word_1_170' title='bbox 675 1986 774 2046; x_wconf 90' lang='lat' dir='ltr'>iultam</span> <span class='ocrx_word' id='word_1_171' title='bbox 803 1986 963 2047; x_wconf 90' lang='lat' dir='ltr'>domestico</span> <span class='ocrx_word' id='word_1_172' title='bbox 991 1985 1142 2065; x_wconf 89' lang='lat' dir='ltr'>praesidio</span> 
     </span>
     <span class='ocr_line' id='line_1_23' title="bbox 117 2067 1142 2149; baseline -0.005 -16"><span class='ocrx_word' id='word_1_173' title='bbox 117 2070 360 2149; x_wconf 62' lang='lat' dir='ltr'>§proprietatem</span> <span class='ocrx_word' id='word_1_174' title='bbox 380 2067 438 2127; x_wconf 88' lang='lat' dir='ltr'>leci</span> <span class='ocrx_word' id='word_1_175' title='bbox 459 2067 514 2126; x_wconf 92' lang='lat' dir='ltr'>sibi</span> <span class='ocrx_word' id='word_1_176' title='bbox 539 2069 713 2129; x_wconf 85' lang='lat' dir='ltr'>vindicasse.</span> <span class='ocrx_word' id='word_1_177' title='bbox 745 2068 810 2129; x_wconf 89' lang='lat' dir='ltr'>Non</span> <span class='ocrx_word' id='word_1_178' title='bbox 826 2070 912 2128; x_wconf 91' lang='lat' dir='ltr'>aliter</span> <span class='ocrx_word' id='word_1_179' title='bbox 926 2068 1142 2145; x_wconf 79' lang='lat' dir='ltr'>Massilienses,</span> 
     </span>
     <span class='ocr_line' id='line_1_24' title="bbox 150 2150 1143 2231; baseline -0.001 -19"><span class='ocrx_word' id='word_1_180' title='bbox 150 2152 199 2231; x_wconf 93' lang='lat' dir='ltr'>qui</span> <span class='ocrx_word' id='word_1_181' title='bbox 214 2171 288 2211; x_wconf 87' lang='lat' dir='ltr'>nunc</span> <span class='ocrx_word' id='word_1_182' title='bbox 311 2150 442 2229; x_wconf 88' lang='lat' dir='ltr'>inquilini</span> <span class='ocrx_word' id='word_1_183' title='bbox 463 2150 631 2226; x_wconf 79' lang='lat' dir='ltr'>videantur,</span> <span class='ocrx_word' id='word_1_184' title='bbox 655 2152 785 2212; x_wconf 90' lang='lat' dir='ltr'>dominos</span> <span class='ocrx_word' id='word_1_185' title='bbox 801 2152 973 2229; x_wconf 90' lang='lat' dir='ltr'>quandoque</span> <span class='ocrx_word' id='word_1_186' title='bbox 988 2153 1143 2228; x_wconf 88' lang='lat' dir='ltr'>regionum</span> 
     </span>
     <span class='ocr_line' id='line_1_25' title="bbox 123 2233 1142 2300; baseline 0.001 -7"><span class='ocrx_word' id='word_1_187' title='bbox 123 2236 272 2300; x_wconf 72' lang='lat' dir='ltr'>elaturos.</span> <span class='ocrx_word' id='word_1_188' title='bbox 302 2233 353 2293; x_wconf 90' lang='lat' dir='ltr'>llis</span> <span class='ocrx_word' id='word_1_189' title='bbox 368 2234 500 2292; x_wconf 90' lang='lat' dir='ltr'>incitatus</span> <span class='ocrx_word' id='word_1_190' title='bbox 516 2250 570 2292; x_wconf 86' lang='lat' dir='ltr'>rex</span> <span class='ocrx_word' id='word_1_191' title='bbox 587 2235 705 2295; x_wconf 88' lang='lat' dir='ltr'>insidias</span> <span class='ocrx_word' id='word_1_192' title='bbox 720 2234 948 2295; x_wconf 86' lang='lat' dir='ltr'>Massiliensibus</span> <span class='ocrx_word' id='word_1_193' title='bbox 964 2236 1057 2294; x_wconf 87' lang='lat' dir='ltr'>struit.</span> <span class='ocrx_word' id='word_1_194' title='bbox 1083 2235 1142 2295; x_wconf 89' lang='lat' dir='ltr'>lta·</span> 
     </span>
     <span class='ocr_line' id='line_1_26' title="bbox 150 2315 1144 2396; baseline 0 -19"><span class='ocrx_word' id='word_1_195' title='bbox 150 2336 207 2396; x_wconf 90' lang='lat' dir='ltr'>que</span> <span class='ocrx_word' id='word_1_196' title='bbox 222 2317 354 2377; x_wconf 87' lang='lat' dir='ltr'>sollemni</span> <span class='ocrx_word' id='word_1_197' title='bbox 367 2315 559 2376; x_wconf 81' lang='lat' dir='ltr'>Floraliorum</span> <span class='ocrx_word' id='word_1_198' title='bbox 576 2318 623 2376; x_wconf 92' lang='lat' dir='ltr'>die</span> <span class='ocrx_word' id='word_1_199' title='bbox 639 2318 745 2378; x_wconf 91' lang='lat' dir='ltr'>multos</span> <span class='ocrx_word' id='word_1_200' title='bbox 763 2319 856 2378; x_wconf 87' lang='lat' dir='ltr'>iortes</span> <span class='ocrx_word' id='word_1_201' title='bbox 870 2336 904 2378; x_wconf 91' lang='lat' dir='ltr'>ac</span> <span class='ocrx_word' id='word_1_202' title='bbox 914 2326 1050 2377; x_wconf 91' lang='lat' dir='ltr'>strenuos</span> <span class='ocrx_word' id='word_1_203' title='bbox 1060 2319 1144 2377; x_wconf 85' lang='lat' dir='ltr'>viros</span> 
     </span>
     <span class='ocr_line' id='line_1_27' title="bbox 148 2398 1143 2480; baseline 0 -21"><span class='ocrx_word' id='word_1_204' title='bbox 148 2399 266 2477; x_wconf 85' lang='lat' dir='ltr'>hospitii</span> <span class='ocrx_word' id='word_1_205' title='bbox 281 2401 343 2459; x_wconf 91' lang='lat' dir='ltr'>iure</span> <span class='ocrx_word' id='word_1_206' title='bbox 360 2400 389 2458; x_wconf 92' lang='lat' dir='ltr'>iu</span> <span class='ocrx_word' id='word_1_207' title='bbox 406 2398 507 2458; x_wconf 90' lang='lat' dir='ltr'>urbem</span> <span class='ocrx_word' id='word_1_208' title='bbox 524 2400 619 2476; x_wconf 86' lang='lat' dir='ltr'>misit,</span> <span class='ocrx_word' id='word_1_209' title='bbox 633 2401 733 2480; x_wconf 92' lang='lat' dir='ltr'>plures</span> <span class='ocrx_word' id='word_1_210' title='bbox 748 2403 873 2478; x_wconf 88' lang='lat' dir='ltr'>scirpeis</span> <span class='ocrx_word' id='word_1_211' title='bbox 890 2401 1014 2461; x_wconf 90' lang='lat' dir='ltr'>latentes</span> <span class='ocrx_word' id='word_1_212' title='bbox 1033 2400 1143 2461; x_wconf 82' lang='lat' dir='ltr'>frondi·</span> 
     </span>
     <span class='ocr_line' id='line_1_28' title="bbox 122 2482 1144 2561; baseline 0.002 -20"><span class='ocrx_word' id='word_1_213' title='bbox 122 2482 264 2560; x_wconf 75' lang='lat' dir='ltr'>tbusque</span> <span class='ocrx_word' id='word_1_214' title='bbox 286 2490 471 2560; x_wconf 90' lang='lat' dir='ltr'>supertectos</span> <span class='ocrx_word' id='word_1_215' title='bbox 493 2482 589 2542; x_wconf 90' lang='lat' dir='ltr'>induci</span> <span class='ocrx_word' id='word_1_216' title='bbox 609 2484 753 2545; x_wconf 83' lang='lat' dir='ltr'>vehiculis</span> <span class='ocrx_word' id='word_1_217' title='bbox 769 2484 866 2560; x_wconf 91' lang='lat' dir='ltr'>iubet,</span> <span class='ocrx_word' id='word_1_218' title='bbox 889 2485 954 2561; x_wconf 87' lang='lat' dir='ltr'>ipse</span> <span class='ocrx_word' id='word_1_219' title='bbox 973 2501 1037 2543; x_wconf 87' lang='lat' dir='ltr'>eum</span> <span class='ocrx_word' id='word_1_220' title='bbox 1055 2502 1144 2543; x_wconf 85' lang='lat' dir='ltr'>exer·</span> 
     </span>
     <span class='ocr_line' id='line_1_29' title="bbox 151 2565 1144 2645; baseline 0.002 -21"><span class='ocrx_word' id='word_1_221' title='bbox 151 2566 209 2625; x_wconf 90' lang='lat' dir='ltr'>citu</span> <span class='ocrx_word' id='word_1_222' title='bbox 223 2566 251 2624; x_wconf 96' lang='lat' dir='ltr'>in</span> <span class='ocrx_word' id='word_1_223' title='bbox 267 2565 406 2645; x_wconf 87' lang='lat' dir='ltr'>proximis</span> <span class='ocrx_word' id='word_1_224' title='bbox 423 2565 567 2624; x_wconf 89' lang='lat' dir='ltr'>montibus</span> <span class='ocrx_word' id='word_1_225' title='bbox 586 2567 751 2644; x_wconf 86' lang='lat' dir='ltr'>delitescit,</span> <span class='ocrx_word' id='word_1_226' title='bbox 772 2576 818 2644; x_wconf 89' lang='lat' dir='ltr'>ut,</span> <span class='ocrx_word' id='word_1_227' title='bbox 839 2586 902 2627; x_wconf 92' lang='lat' dir='ltr'>cum</span> <span class='ocrx_word' id='word_1_228' title='bbox 917 2575 1004 2626; x_wconf 89' lang='lat' dir='ltr'>noete</span> <span class='ocrx_word' id='word_1_229' title='bbox 1023 2586 1038 2627; x_wconf 93' lang='lat' dir='ltr'>a</span> <span class='ocrx_word' id='word_1_230' title='bbox 1056 2585 1144 2644; x_wconf 88' lang='lat' dir='ltr'>prae-</span> 
     </span>
     <span class='ocr_line' id='line_1_30' title="bbox 152 2646 1144 2728; baseline 0.001 -21"><span class='ocrx_word' id='word_1_231' title='bbox 152 2646 237 2708; x_wconf 89' lang='lat' dir='ltr'>dictis</span> <span class='ocrx_word' id='word_1_232' title='bbox 261 2657 380 2725; x_wconf 89' lang='lat' dir='ltr'>apertae</span> <span class='ocrx_word' id='word_1_233' title='bbox 399 2655 502 2725; x_wconf 88' lang='lat' dir='ltr'>portae</span> <span class='ocrx_word' id='word_1_234' title='bbox 520 2647 633 2725; x_wconf 88' lang='lat' dir='ltr'>iurent,</span> <span class='ocrx_word' id='word_1_235' title='bbox 650 2652 822 2728; x_wconf 82' lang='lat' dir='ltr'>tempestiue</span> <span class='ocrx_word' id='word_1_236' title='bbox 838 2651 874 2709; x_wconf 92' lang='lat' dir='ltr'>ad</span> <span class='ocrx_word' id='word_1_237' title='bbox 890 2650 1008 2709; x_wconf 90' lang='lat' dir='ltr'>insidias</span> <span class='ocrx_word' id='word_1_238' title='bbox 1022 2649 1144 2711; x_wconf 88' lang='lat' dir='ltr'>adesset</span> 
     </span>
     <span class='ocr_line' id='line_1_31' title="bbox 120 2731 1143 2810; baseline 0.001 -19"><span class='ocrx_word' id='word_1_239' title='bbox 120 2731 309 2808; x_wconf 75' lang='lat' dir='ltr'>florbemque</span> <span class='ocrx_word' id='word_1_240' title='bbox 329 2744 430 2789; x_wconf 90' lang='lat' dir='ltr'>somno</span> <span class='ocrx_word' id='word_1_241' title='bbox 448 2746 484 2789; x_wconf 90' lang='lat' dir='ltr'>ac</span> <span class='ocrx_word' id='word_1_242' title='bbox 502 2731 569 2789; x_wconf 86' lang='lat' dir='ltr'>viuo</span> <span class='ocrx_word' id='word_1_243' title='bbox 591 2733 735 2810; x_wconf 88' lang='lat' dir='ltr'>sepultam</span> <span class='ocrx_word' id='word_1_244' title='bbox 753 2733 868 2792; x_wconf 90' lang='lat' dir='ltr'>armatis</span> <span class='ocrx_word' id='word_1_245' title='bbox 889 2733 1050 2791; x_wconf 87' lang='lat' dir='ltr'>invaderet.</span> <span class='ocrx_word' id='word_1_246' title='bbox 1068 2732 1143 2803; x_wconf 29' lang='lat' dir='ltr'>,Sed</span> 
     </span>
     <span class='ocr_line' id='line_1_32' title="bbox 150 2812 1146 2893; baseline 0 -19"><span class='ocrx_word' id='word_1_247' title='bbox 150 2814 202 2874; x_wconf 81' lang='lat' dir='ltr'>luas</span> <span class='ocrx_word' id='word_1_248' title='bbox 227 2813 345 2872; x_wconf 89' lang='lat' dir='ltr'>iusidias</span> <span class='ocrx_word' id='word_1_249' title='bbox 368 2812 470 2871; x_wconf 92' lang='lat' dir='ltr'>mulier</span> <span class='ocrx_word' id='word_1_250' title='bbox 492 2814 634 2890; x_wconf 91' lang='lat' dir='ltr'>quaedam</span> <span class='ocrx_word' id='word_1_251' title='bbox 656 2817 736 2892; x_wconf 90' lang='lat' dir='ltr'>regis</span> <span class='ocrx_word' id='word_1_252' title='bbox 758 2825 883 2893; x_wconf 87' lang='lat' dir='ltr'>cognata</span> <span class='ocrx_word' id='word_1_253' title='bbox 904 2815 1048 2892; x_wconf 86' lang='lat' dir='ltr'>prodidit,</span> <span class='ocrx_word' id='word_1_254' title='bbox 1076 2817 1146 2892; x_wconf 90' lang='lat' dir='ltr'>quia</span> 
     </span>
     <span class='ocr_line' id='line_1_33' title="bbox 150 2894 1143 2973; baseline 0.001 -17"><span class='ocrx_word' id='word_1_255' title='bbox 150 2897 314 2957; x_wconf 88' lang='lat' dir='ltr'>adulterare</span> <span class='ocrx_word' id='word_1_256' title='bbox 327 2914 390 2954; x_wconf 92' lang='lat' dir='ltr'>cum</span> <span class='ocrx_word' id='word_1_257' title='bbox 403 2894 516 2955; x_wconf 87' lang='lat' dir='ltr'>Graeco</span> <span class='ocrx_word' id='word_1_258' title='bbox 529 2897 718 2957; x_wconf 90' lang='lat' dir='ltr'>adulescente</span> <span class='ocrx_word' id='word_1_259' title='bbox 731 2899 894 2958; x_wconf 85' lang='lat' dir='ltr'>adsolitain</span> <span class='ocrx_word' id='word_1_260' title='bbox 911 2896 1046 2973; x_wconf 83' lang='lat' dir='ltr'>amplexu</span> <span class='ocrx_word' id='word_1_261' title='bbox 1061 2899 1143 2957; x_wconf 87' lang='lat' dir='ltr'>iuve-</span> 
     </span>
     <span class='ocr_line' id='line_1_34' title="bbox 151 2978 1143 3059; baseline 0.003 -22"><span class='ocrx_word' id='word_1_262' title='bbox 151 2979 195 3037; x_wconf 80' lang='lat' dir='ltr'>nis&#39;</span> <span class='ocrx_word' id='word_1_263' title='bbox 210 2981 345 3038; x_wconf 89' lang='lat' dir='ltr'>miserate</span> <span class='ocrx_word' id='word_1_264' title='bbox 361 2979 471 3037; x_wconf 88' lang='lat' dir='ltr'>lormee</span> <span class='ocrx_word' id='word_1_265' title='bbox 498 2978 559 3038; x_wconf 91' lang='lat' dir='ltr'>eius</span> <span class='ocrx_word' id='word_1_266' title='bbox 582 2981 701 3041; x_wconf 89' lang='lat' dir='ltr'>insidias</span> <span class='ocrx_word' id='word_1_267' title='bbox 725 2983 837 3059; x_wconf 87' lang='lat' dir='ltr'>aperuit</span> <span class='ocrx_word' id='word_1_268' title='bbox 854 2979 1073 3059; x_wconf 90' lang='lat' dir='ltr'>periculumque</span> <span class='ocrx_word' id='word_1_269' title='bbox 1090 2982 1143 3040; x_wconf 89' lang='lat' dir='ltr'>de·</span> 
     </span>
     <span class='ocr_line' id='line_1_35' title="bbox 119 3060 1143 3141; baseline 0.002 -21"><span class='ocrx_word' id='word_1_270' title='bbox 119 3061 260 3129; x_wconf 72' lang='lat' dir='ltr'>belinare</span> <span class='ocrx_word' id='word_1_271' title='bbox 283 3062 371 3120; x_wconf 88' lang='lat' dir='ltr'>iubet.</span> <span class='ocrx_word' id='word_1_272' title='bbox 405 3060 460 3119; x_wconf 92' lang='lat' dir='ltr'>llle</span> <span class='ocrx_word' id='word_1_273' title='bbox 476 3078 536 3119; x_wconf 90' lang='lat' dir='ltr'>rem</span> <span class='ocrx_word' id='word_1_274' title='bbox 555 3065 650 3123; x_wconf 87' lang='lat' dir='ltr'>statim</span> <span class='ocrx_word' id='word_1_275' title='bbox 664 3063 700 3122; x_wconf 92' lang='lat' dir='ltr'>ad</span> <span class='ocrx_word' id='word_1_276' title='bbox 716 3065 900 3141; x_wconf 80' lang='lat' dir='ltr'>magistratus</span> <span class='ocrx_word' id='word_1_277' title='bbox 918 3062 1029 3122; x_wconf 83' lang='lat' dir='ltr'>delent:</span> <span class='ocrx_word' id='word_1_278' title='bbox 1052 3073 1143 3141; x_wconf 88' lang='lat' dir='ltr'>atque</span> 
     </span>
     <span class='ocr_line' id='line_1_36' title="bbox 150 3142 1143 3224; baseline 0.001 -21"><span class='ocrx_word' id='word_1_279' title='bbox 150 3145 189 3203; x_wconf 92' lang='lat' dir='ltr'>ita</span> <span class='ocrx_word' id='word_1_280' title='bbox 211 3144 366 3222; x_wconf 81' lang='lat' dir='ltr'>patefactis</span> <span class='ocrx_word' id='word_1_281' title='bbox 380 3142 490 3202; x_wconf 91' lang='lat' dir='ltr'>insidiis</span> <span class='ocrx_word' id='word_1_282' title='bbox 507 3147 602 3204; x_wconf 88' lang='lat' dir='ltr'>cuncti</span> <span class='ocrx_word' id='word_1_283' title='bbox 617 3145 739 3222; x_wconf 87' lang='lat' dir='ltr'>Ligures</span> <span class='ocrx_word' id='word_1_284' title='bbox 756 3146 1029 3224; x_wconf 82' lang='lat' dir='ltr'>comprehenduntur</span> <span class='ocrx_word' id='word_1_285' title='bbox 1049 3147 1143 3206; x_wconf 91' lang='lat' dir='ltr'>lateu-</span> 
     </span>
     <span class='ocr_line' id='line_1_37' title="bbox 109 3225 1143 3304; baseline -0.001 -15"><span class='ocrx_word' id='word_1_286' title='bbox 109 3235 257 3303; x_wconf 81' lang='lat' dir='ltr'>nctesque</span> <span class='ocrx_word' id='word_1_287' title='bbox 275 3225 311 3285; x_wconf 92' lang='lat' dir='ltr'>de</span> <span class='ocrx_word' id='word_1_288' title='bbox 328 3227 453 3304; x_wconf 90' lang='lat' dir='ltr'>scirpeis</span> <span class='ocrx_word' id='word_1_289' title='bbox 467 3229 682 3301; x_wconf 87' lang='lat' dir='ltr'>protrahuntur.</span> <span class='ocrx_word' id='word_1_290' title='bbox 707 3229 819 3301; x_wconf 83' lang='lat' dir='ltr'>Quibus</span> <span class='ocrx_word' id='word_1_291' title='bbox 833 3228 965 3289; x_wconf 82' lang='lat' dir='ltr'>omnibus</span> <span class='ocrx_word' id='word_1_292' title='bbox 977 3230 1143 3289; x_wconf 86' lang='lat' dir='ltr'>interiectis</span> 
     </span>
     <span class='ocr_line' id='line_1_38' title="bbox 150 3308 1143 3391; baseline 0.003 -25"><span class='ocrx_word' id='word_1_293' title='bbox 150 3309 293 3368; x_wconf 89' lang='lat' dir='ltr'>insidianti</span> <span class='ocrx_word' id='word_1_294' title='bbox 309 3310 372 3384; x_wconf 86' lang='lat' dir='ltr'>regi</span> <span class='ocrx_word' id='word_1_295' title='bbox 387 3308 507 3366; x_wconf 90' lang='lat' dir='ltr'>insidiae</span> <span class='ocrx_word' id='word_1_296' title='bbox 522 3311 685 3370; x_wconf 85' lang='lat' dir='ltr'>tenduntur.</span> <span class='ocrx_word' id='word_1_297' title='bbox 710 3310 804 3371; x_wconf 81' lang='lat' dir='ltr'>Caesa</span> <span class='ocrx_word' id='word_1_298' title='bbox 820 3330 883 3371; x_wconf 89' lang='lat' dir='ltr'>cum</span> <span class='ocrx_word' id='word_1_299' title='bbox 899 3313 965 3391; x_wconf 92' lang='lat' dir='ltr'>ipso</span> <span class='ocrx_word' id='word_1_300' title='bbox 983 3330 1054 3388; x_wconf 86' lang='lat' dir='ltr'>rege</span> <span class='ocrx_word' id='word_1_301' title='bbox 1073 3311 1143 3370; x_wconf 87' lang='lat' dir='ltr'>lros-</span> 
     </span>
     <span class='ocr_line' id='line_1_39' title="bbox 110 3388 1145 3473; baseline 0.01 -27"><span class='ocrx_word' id='word_1_302' title='bbox 110 3403 139 3452; x_wconf 88' lang='lat' dir='ltr'>lt</span> <span class='ocrx_word' id='word_1_303' title='bbox 154 3391 225 3448; x_wconf 51' lang='lat' dir='ltr'>tium*</span> <span class='ocrx_word' id='word_1_304' title='bbox 238 3400 352 3468; x_wconf 90' lang='lat' dir='ltr'>septem</span> <span class='ocrx_word' id='word_1_305' title='bbox 365 3390 453 3449; x_wconf 84' lang='lat' dir='ltr'>milia.</span> <span class='ocrx_word' id='word_1_306' title='bbox 485 3388 598 3452; x_wconf 81' lang='lat' dir='ltr'>Exinde</span> <span class='ocrx_word' id='word_1_307' title='bbox 610 3392 810 3470; x_wconf 83' lang='lat' dir='ltr'>Massilienses</span> <span class='ocrx_word' id='word_1_308' title='bbox 824 3395 908 3453; x_wconf 86' lang='lat' dir='ltr'>iestis</span> <span class='ocrx_word' id='word_1_309' title='bbox 925 3394 1027 3455; x_wconf 86' lang='lat' dir='ltr'>diebus</span> <span class='ocrx_word' id='word_1_310' title='bbox 1041 3403 1145 3473; x_wconf 81' lang='lat' dir='ltr'>portas</span> 
     </span>
    </p>
   </div>
   <div class='ocr_carea' id='block_1_3' title="bbox 0 0 1229 3975">
    <p class='ocr_par' dir='ltr' id='par_1_3' title="bbox 0 0 1229 3975">
     <span class='ocr_line' id='line_1_40' title="bbox 0 0 1229 3975; baseline 0 0"><span class='ocrx_word' id='word_1_311' title='bbox 0 0 1229 3975; x_wconf 95' lang='lat' dir='ltr'> </span> 
     </span>
    </p>
   </div>
  </div>
 </body>
</html>
