2442 3975
81 190 232 248 xmus
427 201 737 251 nosmrmnumr.
1023 193 1083 254 135

82 356 162 417 domi
183 356 315 434 lorisque
338 356 440 415 eadem
461 357 576 416 lortuua
598 353 878 433 Carthaginiensium
901 369 997 436 esset,
1027 363 1089 434 iam,

81 456 142 499 nou
157 438 324 499 tributariae
339 448 447 499 tanturn
461 439 500 499 ah
514 440 560 499 his
574 440 674 514 urbes,
692 458 792 500 rernm
808 444 894 502 etiam
905 445 979 502 socii
993 463 1083 521 reges

81 523 276 598 deliciehnnt,
294 524 481 583 amicitiarum
497 524 560 583 iura
577 542 636 583 non
650 524 723 601 lide,
743 525 796 584 sed
811 542 953 585 successu
972 528 1082 604 ponde·

80 616 192 666 rantes.
215 606 287 666 Erat
303 608 378 665 inter
393 616 511 667 ceteros
528 626 581 667 rex
597 606 775 682 Cyrenarum
789 608 943 685 Aphellas,
961 612 1010 687 qui
1027 621 1112 689 spel

80 689 207 767 inproha
233 707 356 767 regumn
380 691 468 750 totius
492 691 614 752 Africae
638 692 792 770 amplexus
821 693 994 752 societatem
1019 711 1082 752 cum

81 773 249 850 Agathocle
277 791 332 851 per
357 774 475 850 legatos
495 777 630 844 iunxerat
649 784 811 852 pactusque
834 794 898 834 cum
921 774 1083 852 coluerat,

40 916 44 922 ,
80 866 114 916 ιιι
132 856 250 916 Siciliae
270 857 330 932 illi,
353 858 409 917 sihi
424 858 545 920 Atticae
565 859 719 935 imperium
736 859 821 917 victis
836 857 1082 936 Carthaginiensi·

80 938 138 1007 hus
160 940 290 999 cederet.
308 940 428 1019 ltaque
450 960 515 1001 cum
535 942 572 1001 ad
592 941 664 1000 belli
686 943 858 1001 societatem
881 961 944 1003 oum
968 944 1107 1019 ingentis

81 1024 216 1082 exercitu
232 1026 297 1102 ipse
312 1026 454 1100 venisset,
471 1024 652 1101 Agathocles
669 1025 776 1096 blando
792 1025 921 1103 alloquio
936 1036 967 1085 et
984 1026 1083 1086 humili

81 1107 265 1182 adulatione,
289 1126 353 1167 cnm
368 1110 487 1186 saepius
502 1108 586 1167 simul
605 1117 761 1168 cenassent
775 1109 988 1188 adoptatusque
1005 1110 1082 1170 lilius

81 1191 144 1249 eius
161 1190 196 1249 ab
212 1190 340 1269 Aphella
356 1201 449 1267 esset,
466 1194 608 1252 incautum
625 1193 762 1252 interficit
775 1201 979 1271 occupatoque
996 1204 1110 1258 exer-6
1206 1244 1208 1247 .

81 1276 139 1334 citu
171 1275 232 1333 eius
264 1277 370 1335 iterato
397 1273 654 1356 Carthaginienses
680 1274 811 1335 omnihus
833 1277 946 1336 viribus
972 1277 1081 1337 hellum
1116 1346 1119 1351 ,

59 1358 193 1427 ¹cientes
214 1376 320 1435 magno
342 1360 492 1437 utriusque
509 1361 665 1419 exercitus
690 1361 832 1436 sanguine
858 1362 940 1436 gravi
964 1361 1081 1442 proelio

80 1451 212 1518 superat.
246 1443 311 1502 Hoc
330 1444 495 1502 certaminis
517 1443 685 1503 discrimine
707 1453 785 1502 tanta
803 1443 972 1522 desperatio
993 1445 1108 1508 inlatal

81 1524 187 1583 Poenis
204 1535 264 1600 est,
280 1535 327 1599 ut,
346 1526 401 1584 nisi
419 1528 447 1584 in
465 1529 598 1585 exercitu
616 1526 792 1603 Agathoclis
811 1535 874 1585 orta
890 1527 996 1585 seditio
1011 1527 1082 1585 iuis·

81 1616 145 1682 set,
162 1610 333 1666 transiturus
347 1609 384 1667 ad
400 1626 464 1667 eum
475 1607 640 1683 Bomilcar,
656 1627 710 1667 rex
719 1608 898 1684 Poenorum,
916 1627 980 1668 cum
998 1627 1082 1668 exer·

82 1691 140 1749 citu
157 1690 254 1749 luerit.
278 1689 322 1748 Oh
338 1709 424 1768 quarn
439 1708 544 1750 noxam
559 1693 587 1750 in
602 1692 699 1751 medio
714 1691 781 1750 foro
798 1691 932 1768 aPoenis
948 1692 1109 1770 patibulos

82 1773 204 1832 suffixus
225 1783 287 1848 est,
311 1782 343 1833 ιιι
362 1774 438 1833 idem
459 1773 543 1833 locus
563 1783 777 1834 monumentum
792 1775 1002 1852 suppliciorum
1018 1778 1082 1835 eius

82 1865 179 1931 esset,
204 1858 335 1934 quiante
353 1857 449 1916 iuerat
463 1866 661 1917 ornamentum
679 1857 829 1916 honorum.
861 1858 921 1916 Sed
935 1857 1109 1923 Bomilcar9

81 1958 187 2018 magno
208 1942 302 2001 animo
326 1940 528 2001 crudelitatem
551 1941 656 2001 civium
678 1940 758 2017 tulit,
782 1941 856 2001 adeo
872 1950 903 2000 ut
921 1941 958 2002 de
972 1958 1082 2001 summa

82 2043 171 2084 cruce
192 2025 282 2084 veluti
306 2025 343 2084 de
364 2025 501 2084 tribunali
523 2027 552 2084 in
567 2025 731 2085 Poenorum
754 2024 872 2084 scelera
898 2026 1081 2085 contionare·
1181 2069 1185 2077 .

81 2117 142 2183 tur,-
168 2109 319 2168 obiectans
342 2107 400 2167 illis
423 2126 498 2167 nunc
513 2109 666 2167 Annonem
685 2108 759 2168 falsa
780 2108 917 2168 adsectati
939 2109 1023 2185 regni
1038 2110 1079 2167 in·
1091 2121 1126 2173 10

80 2192 156 2251 vidia
174 2193 416 2268 circumventum,
432 2210 509 2250 nunc
524 2190 662 2269 Gisgonis
676 2193 840 2251 innocentis
856 2192 991 2267 exilium,
1006 2209 1082 2251 nunc

63 2277 109 2334 >in
129 2268 465 2352 Anticaremfpauuum
489 2292 571 2334 suum
596 2277 684 2335 tacita
710 2274 866 2351 suffragia,
899 2276 977 2353 quod
999 2275 1080 2351 Aga·

81 2359 208 2418 thoclern
230 2359 343 2419 socium
365 2359 424 2418 illis
446 2360 546 2418 lacere
570 2376 656 2437 quam
677 2358 792 2418 hostem
813 2358 957 2418 maluerit.
995 2359 1124 2424 Haecll

82 2461 144 2502 cum
162 2444 190 2501 in
205 2444 327 2502 maxima
345 2443 447 2521 populi
465 2444 601 2503 contione
617 2442 798 2502 vociferatus
813 2452 904 2518 esset,
923 2443 1078 2519 expiravit.

143 2524 173 2585 8.
197 2526 313 2586 Interea
331 2526 517 2603 Agathocles
538 2525 701 2605 profligatis
720 2528 748 2584 in
766 2525 868 2585 Africa
886 2525 993 2602 rehus,
1018 2520 1105 2589 tra-l

82 2609 141 2667 dito
164 2608 351 2686 Archagatho
379 2610 438 2669 lilio
467 2611 599 2669 exercitu
627 2611 655 2668 in
682 2609 810 2692 Siciliam
836 2610 978 2685 recurrit,
1009 2607 1080 2669 nihil

83 2700 176 2751 actum
200 2694 229 2750 in
253 2692 353 2751 Alrica
375 2689 612 2768 existimans,'si
630 2693 754 2770 amplius
775 2694 941 2768 Syracusae
963 2689 1079 2750 obside·

82 2785 190 2835 rentur.
219 2774 291 2835 Nam
306 2784 375 2853 post
393 2778 522 2835 occisum
538 2775 866 2855 Amilcarem‘Gisgonis
881 2776 969 2833 lilium
985 2784 1109 2835 novust

83 2877 118 2919 eo
141 2877 157 2918 a
179 2859 285 2918 Poenis
306 2860 413 2918 missus
434 2860 581 2935 exercitus
606 2860 712 2919 luerat.
750 2860 851 2919 Statim
876 2857 1108 2933 igitur-primos
1170 2911 1174 2919 ,

83 2943 206 3002 adventu
228 2944 291 3002 eius
313 2960 414 3005 omnes
435 2943 552 3001 Siciliae
577 2943 668 3002 urbes
693 2942 796 3002 auditis
821 2939 926 3014 rebus,
957 2955 1029 3015 quas
1049 2939 1079 2996 in

82 3026 183 3085 Africa
203 3035 356 3103 gesserat,
383 3027 514 3085 certatim
535 3044 568 3085 se
591 3028 619 3085 ei
637 3026 767 3100 tradunt,
789 3032 876 3101 atque
893 3023 932 3080 ita
951 3021 1043 3097 pulsis
1061 3039 1078 3078 e

82 3110 179 3168 Sicilia
193 3109 300 3168 Poenis
316 3112 404 3169 totius
419 3109 531 3169 insulae
548 3110 700 3188 imperium
716 3106 881 3184 occupavit.
902 3103 934 3162 ln
945 3103 1107 3168 Africaml

82 3192 184 3251 deinde
204 3210 344 3252 reversus
360 3194 504 3254 seditione
519 3194 640 3253 militum
658 3192 817 3270 excipitur:
838 3205 902 3247 nam
918 3187 1078 3263 stipendio·

82 3291 143 3333 rum
159 3276 264 3334 solutio
280 3277 309 3333 in
326 3277 478 3336 adventum
494 3278 585 3355 patris
601 3276 689 3336 dilata
703 3294 719 3334 a
736 3274 795 3333 lilio
809 3272 915 3331 iuerat.
942 3268 1033 3345 Igitur
1048 3271 1105 3333 ins

84 3357 604 3421 contionemvocatosblandisverhis
615 3359 780 3438 permulsit:
796 3353 939 3434 stipendia
952 3352 1009 3412 illis
1020 3369 1079 3412 non

81 3457 99 3500 a
116 3457 147 3503 se
166 3440 322 3519 flagitanda
340 3463 425 3520 esse,
452 3443 506 3503 sed
531 3442 567 3502 ah
583 3443 670 3503 hoste
688 3438 871 3520 quaerenda:
899 3453 1080 3498 communem
