2442 3975
139 178 200 242 152
496 187 606 235 ruent
625 188 756 235 eonem
852 176 980 233 xxvia.
997 178 1133 235 xxvia-1

135 355 241 424 potens
263 352 326 403 erat
347 341 530 419 studiumque
552 341 687 419 placendi
707 342 851 417 uvirginc
874 342 902 400 iu
923 350 1041 401 matrem
1058 341 1134 401 ce‘n·

110 442 126 492 5
140 430 255 488 tulerat.
290 426 437 499 Quaeres
455 434 592 503 suspecta
607 426 701 502 primo
717 426 838 501 virgini,
855 424 921 483 dein
937 424 1134 502 popularibus

109 511 333 587 omilitibusque
361 509 454 569 invisa
480 508 543 567 luit.
579 506 681 584 ltaque
706 510 802 567 versis
828 509 952 568 omnium
977 509 1078 567 animis
1100 510 1132 567 in

134 594 295 654 Ptolemaei
317 592 405 650 lilium
421 592 542 654 insidiae
563 591 713 650 Demetrio
740 599 951 668 conparantur,
977 592 1039 665 cui,
1064 606 1131 650 eum
1214 599 1216 602 '

107 678 166 741 tin
181 678 287 737 lectum
303 692 407 733 socrus
421 676 638 745 concessisset,
654 691 848 751 percussores
859 675 1046 733 immittuntur.
1069 674 1130 733 Sed

134 760 261 819 Arsinoe
285 756 381 818 audita
402 776 477 817 voce
498 757 576 816 iiliae
597 758 633 816 ad
649 757 729 816 iores
747 760 847 840 stantis
865 767 895 830 et
909 758 1131 835 praecipientis,

135 853 167 902 ut
180 843 263 904 matri
282 850 468 918 parceretur,
491 840 652 900 adulterum
671 841 822 919 paulisper
844 857 970 918 corpore
988 858 1042 898 suo
1058 858 1128 918 pro·

108 926 220 989 attexit.
270 924 334 997 Quo
368 924 523 983 interiecto
550 923 695 982 Berenice
728 933 757 982 et
783 933 884 1001 stupra
915 923 1013 981 matris
1046 924 1131 982 salva

138 1011 246 1086 pietate
268 1007 328 1067 ulta
351 1016 397 1066 est
418 1016 447 1065 et
468 1007 496 1064 in
516 1008 697 1065 matrimonio
722 1007 872 1066 sortiendo
889 1006 1022 1066 iudicium
1039 1008 1132 1084 patris

138 1100 248 1151 secuta.

424 1469 635 1545 crena
678 1472 843 1571 axum.

111 1686 126 1736 l
202 1674 229 1731 1.
254 1637 378 1731 Mortuo
395 1674 503 1754 ‘Syriae
526 1691 599 1749 rege
621 1674 785 1751 Antioche,
815 1691 877 1733 cum
900 1675 928 1732 in
951 1675 1051 1733 lecum
1068 1676 1133 1732 eius

124 1751 213 1814 lilius
229 1755 372 1815 Seleucus
393 1758 606 1831 successisset,
630 1758 764 1817 hortante
785 1766 875 1817 matre
892 1757 1033 1831 Laudice,
1056 1774 1132 1834 quae

138 1836 297 1918 prohibere
324 1838 485 1914 debuerat,
519 1841 650 1917 auspicia
677 1843 759 1917 regni
786 1858 801 1900 a
832 1841 988 1916 parricidio
1016 1840 1143 1915 eoepit:·

110 1922 248 2000 aquippe
259 1920 432 1998 Berenicen,
450 1940 606 1982 novercam
622 1940 711 1998 suam,
729 1941 861 1983 sererem
876 1920 1035 2001 Ptolemaei
1050 1922 1133 1998 regis
1209 1921 1214 1928 '

109 2006 291 2087 adegypti,
304 2023 369 2081 eum
384 2006 507 2083 parvulo
522 2007 611 2066 fratre
628 2025 665 2065 ex
680 2024 714 2066 ea
731 2006 869 2086 suscepte
885 2006 1040 2066 interiecit.
1064 2005 1133 2077 Quo

138 2090 269 2148 lacinore
286 2096 457 2166 perpetrato
472 2099 501 2148 et
516 2088 651 2148 infamiae
668 2091 808 2150 maculam
823 2090 910 2149 subiit
926 2098 954 2148 et
970 2088 1132 2148 Ptolemaei

111 2181 173 2234 sse
196 2171 275 2229 belle
299 2171 439 2249 inplicuit.
472 2171 564 2231 Perre
582 2172 743 2247 Berenice,
770 2192 834 2232 curn
855 2174 891 2233 ad
906 2191 939 2231 se
956 2172 1131 2231 interficien-

110 2255 204 2314 5dam
219 2255 324 2313 missos
341 2254 506 2330 didicisset,
531 2255 682 2334 Daphinae
698 2274 732 2314 se
747 2256 872 2316 claudit(
893 2255 951 2316 Ubi
970 2273 1033 2314 eum
1051 2254 1130 2313 ebsi-

138 2337 201 2396 deri
218 2348 281 2394 eam
296 2355 359 2396 curn
373 2337 495 2415 parvulo
513 2338 572 2397 illie
588 2340 744 2398 nuntiatum
756 2338 845 2398 Asiae
862 2338 1027 2398 civitatibus
1039 2346 1131 2411 esset,

138 2419 344 2479 recordatione
379 2429 519 2498 paternae
548 2421 747 2517 maiorumque
774 2422 835 2480 eius
862 2421 1009 2518 diguitatis
1032 2434 1132 2479 casnm

138 2511 196 2560 tarn
215 2502 351 2578 ipdignae
375 2502 509 2561 fortunae
530 2505 702 2564 miserantes
723 2505 829 2564 auxilia
851 2505 878 2563 ei
894 2521 996 2562 ornnes
1011 2504 1129 2561 misere.

111 2583 241 2649 6Frater
257 2603 373 2667 queque
386 2585 570 2645 Ptolemaeus
585 2578 717 2665 periculo
734 2589 844 2647 sororis
857 2588 1014 2646 exterritus
1026 2585 1132 2644 relicte

109 2679 231 2743 tregue
254 2686 317 2726 cum
343 2667 475 2726 omuibus
501 2668 608 2728 viribus
637 2671 764 2733 advolat
810 2669 869 2729 Sed
893 2668 1037 2728 Berenice
1064 2674 1133 2726 aute

138 2751 291 2810 adventum
312 2750 496 2827 auxiliorum,
520 2770 584 2811 cum
606 2754 635 2811 vi
656 2755 816 2832 expugnari
837 2771 895 2812 non
917 2760 1037 2830 posset,
1036 2750 1133 2809 delo

108 2835 333 2898 8cireumventa
355 2835 521 2894 trucidatur.
558 2834 678 2912 Indigna
698 2854 747 2895 res
771 2836 902 2895 omnibus
917 2837 989 2894 visa.
1028 2833 1133 2910 ltaque

140 2917 240 2994 [curn]
273 2917 427 2977 universae
457 2919 589 2978 civitates
625 2919 718 2996 {quae
753 2920 946 2994 deiecerant,
983 2919 1132 2993 ingentem

139 2999 263 3058 classem
281 3009 505 3079 conparassent,
522 3002 658 3079 repente]
676 3003 813 3080 exemplo
831 3001 1009 3060 crudelitatis
1033 3008 1133 3057 exter·
1159 3048 1170 3077 Ι.

138 3083 211 3141 ritae
235 3083 319 3142 simul
343 3092 372 3142 et
397 3086 425 3143 in
450 3085 589 3144 ultionem
616 3085 693 3160 eius,
721 3103 804 3163 quam
832 3083 980 3144 defensuri
1005 3083 1132 3156 fuerant,

107 3163 306 3228 9Ptolernaee
335 3185 368 3225 se
394 3168 525 3243 tradunt,
562 3168 609 3245 qni
638 3170 692 3227 nisi
717 3169 745 3226 in
771 3169 938 3246 Aegyptum
970 3166 1133 3225 domestica

139 3246 283 3308 seditione
310 3260 464 3315 revocatus
495 3260 596 3325 esset,
633 3260 724 3312 tetum
748 3269 869 3327 regnum
896 3249 1016 3309 Seleuci
1042 3264 1132 3306 occu

95 3338 250 3405 lopasset.
289 3331 408 3392 Tantum
430 3333 479 3393 vel
502 3334 543 3393 illi
564 3294 658 3393 edium
680 3334 856 3413 parricidale
876 3332 973 3391 scelus
996 3329 1044 3388 vel
1064 3330 1135 3388 huic

138 3410 283 3469 favorem
288 3403 405 3489 indigne
420 3426 591 3494 peremptae
606 3433 686 3478 mors
700 3419 812 3476 sororis
828 3415 1014 3476 adtulerat.
