2442 3975
76 172 190 227 turea
420 148 515 228 'biso
531 179 733 227 sermnem.
1040 167 1081 231 N

77 331 205 393 ducibus
217 332 455 393 Lacedaemoniis
467 341 496 391 et
504 331 733 393 Atheniensibus
743 332 772 390 in
787 330 857 392 duas
869 332 960 392 divisa
980 340 1080 409 partes

78 417 118 476 ab
131 419 260 476 externis
274 415 360 475 bellis
372 416 452 477 velut
465 417 493 474 in
508 416 622 474 viscera
641 434 692 474 sua
711 432 789 483 arma
807 417 959 475 convertit.
996 414 1081 475 Fiunt
1095 425 1113 477 2

77 501 169 576 igitur
189 499 226 558 de
245 516 302 559 uno
321 499 431 578 populo
453 498 510 558 duo
523 515 673 575 corpora,
697 508 725 557 et
744 499 901 558 eorundem
922 506 1079 558 castrorum

79 582 214 653 homines
231 585 260 641 in
274 582 347 641 duos
362 581 485 643 hostiles
503 583 650 640 exercitus
674 582 846 641 dividuntur.
895 581 969 641 Hinc
991 582 1113 648 hace-3

79 667 226 727 daemonii
238 667 398 725 communia
411 665 553 742 quondam
567 666 721 725 civitatium
735 665 838 725 auxilia
860 666 895 726 ad
916 667 994 724 vires
1012 685 1088 743 suas¹

80 749 214 808 trahere:
229 748 295 821 inde
312 747 508 807 Athenienses
528 757 557 806 et
577 757 722 807 vetustate
737 751 833 826 gentis
848 759 877 808 et
888 750 980 826 gestis
992 750 1080 808 rebus

78 833 217 892 inlustres
230 833 357 911 propriis
376 831 484 891 viribus
497 830 689 891 confidebant.
733 831 830 909 Atque
849 835 885 892 ita
904 833 960 892 duo
978 841 1113 911 poten-4

79 917 184 976 tissimi
202 917 343 976 Graeciae
361 916 463 994 populi
487 916 622 974 institutis
641 915 758 975 Solonis
773 926 803 975 et
820 916 946 994 Lycurgi
964 915 1080 993 legibus

81 1018 170 1078 pares
195 1018 233 1058 ex
262 999 453 1059 aemulatione
475 999 577 1057 virium
601 1000 630 1057 in
653 998 761 1058 bellum
783 993 912 1060 ruebant.
948 999 1111 1077 Namque5

79 1084 230 1160 Lycurgus
243 1100 306 1143 cum
322 1083 404 1141 iratri
419 1100 472 1142 suo
488 1082 677 1158 Polydectae,
697 1084 903 1161 Spartanorum
920 1085 995 1159 regi,
1013 1101 1080 1141 suc.

81 1169 222 1227 cessisset
239 1184 419 1244 regnumque
438 1165 492 1224 sibi
511 1167 657 1226 vindicare
679 1168 836 1243 potuisset,
854 1165 998 1243 Charillo,
1017 1166 1077 1226 lilio

80 1253 156 1326 eius,
169 1252 217 1328 qui
232 1259 315 1310 natus
333 1260 484 1328 postumus
502 1259 574 1325 erat,
595 1268 660 1308 cum
680 1249 715 1309 ad
732 1258 856 1310 aetatem
874 1250 997 1310 adultam
1012 1268 1078 1327 per-

79 1337 221 1409 venisset,
233 1352 353 1410 regnum
366 1351 473 1393 somma
484 1332 541 1392 lide
552 1334 690 1408 restituit,
702 1341 732 1392 ut
743 1333 950 1410 intellegerent
965 1351 1074 1410 omnes,
1092 1344 1109 1397 6

81 1427 190 1496 quanto
206 1418 270 1495 plus
288 1417 363 1496 apud
375 1417 470 1476 bonos
482 1418 598 1495 pietatis
610 1417 671 1475 iura
683 1435 766 1494 quam
785 1434 886 1476 omnes
905 1435 979 1495 opes
999 1417 1077 1476 vale·

79 1510 155 1561 rent.
188 1500 285 1560 hledio
300 1503 386 1576 igitur
404 1510 546 1579 tempore,
560 1501 625 1561 dum
638 1501 732 1560 inians
750 1500 929 1559 convalescit
948 1501 1076 1559 tutelam·
1092 1509 1109 1564 7

81 1603 140 1662 que
153 1585 215 1642 eius
226 1583 411 1660 administrat,
424 1601 481 1642 non
495 1583 667 1642 habentibus
681 1584 832 1661 Spartanis
849 1583 934 1660 leges
947 1584 1077 1658 instituit,

80 1685 140 1725 non
151 1668 317 1724 inventione
330 1684 427 1724 earum
441 1668 534 1742 magis
546 1682 630 1744 quam
647 1667 783 1745 exemplo
799 1667 919 1727 clarior:
939 1666 1078 1745 siquidem
1091 1678 1109 1731 8

81 1750 151 1809 nihil
163 1749 231 1826 lege
247 1747 305 1808 ulla
319 1749 346 1806 in
359 1749 432 1808 alios
444 1750 548 1825 sanxit,
561 1752 642 1809 cuius
653 1767 710 1809 non
722 1752 785 1828 ipse
804 1753 911 1828 primus
930 1751 958 1809 in
976 1769 1008 1810 se
1026 1750 1076 1809 do·

81 1842 242 1892 comeatum
255 1830 345 1901 daret.
366 1833 507 1911 Populum
515 1834 542 1890 in
556 1832 697 1911 obsequia
709 1835 877 1911 principum,
886 1834 1033 1911 principes
1043 1833 1078 1893 ad
1093 1846 1110 1898 9

80 1918 214 1976 iustitiam
232 1917 416 1995 imperiorum
435 1917 567 1975 firmavit.
606 1915 809 1976 Parsimoniam
830 1915 961 1976 omnibus
978 1919 1077 1993 suasit,
1086 1929 1120 1981 lo

80 2003 249 2060 existimans
263 2000 393 2061 laborem
408 2001 527 2060 militiae
543 2000 660 2060 adsidua
679 2001 852 2078 frugalitatis
870 2001 1075 2061 consuetudine

78 2083 240 2144 faciliorem
253 2085 328 2143 fore.
357 2085 422 2144 Emi
434 2084 547 2161 singula
559 2101 617 2143 noo
629 2086 760 2162 pecunia,
774 2085 825 2144 sed
840 2086 1077 2162 compensatione
1086 2099 1118 2150 11

79 2168 217 2225 mercium
241 2168 332 2225 iussit.
391 2168 463 2227 Auri
475 2169 647 2245 argentique
661 2186 741 2228 usum
753 2177 783 2226 ut
798 2171 921 2227 omnium
934 2168 1077 2228 scelerum
1085 2179 1119 2232 12

78 2251 224 2310 materiam
235 2250 358 2309 sustulit.
877 2310 882 2318 ,

141 2335 171 2395 3.
194 2333 481 2392 Administrationem
505 2335 548 2394 rei
575 2333 709 2411 publicae
741 2353 794 2414 per
819 2336 935 2395 ordines
965 2336 1107 2399 divisit:l

53 2429 55 2432 ’
79 2417 198 2494 regibus
213 2426 389 2497 potestatem
404 2416 561 2493 bellorum,
579 2419 793 2494 magistratibus
810 2420 915 2479 iudicia
927 2429 956 2479 et
967 2438 1075 2479 annuos
1090 2431 1108 2481 2

78 2519 285 2576 successores,
307 2503 417 2563 senatui
440 2501 599 2561 custodiam
622 2501 735 2578 legum,
763 2504 874 2581 populo
905 2503 1075 2582 sublegendi

78 2594 207 2644 senatum
225 2585 273 2644 vel
290 2585 405 2644 creandi
420 2602 494 2664 quos
509 2584 600 2644 vellet
613 2586 796 2661 magistratus
812 2596 985 2665 potestatem
1005 2606 1072 2665 per·

79 2669 163 2725 misit.
207 2667 325 2726 Fundos
345 2671 468 2727 omnium
491 2668 651 2748 aequaliter
677 2671 751 2728 inter
779 2687 878 2730 omnes
907 2671 1017 2745 divisit,
1045 2678 1108 2733 ut3

79 2759 200 2825 aequata
219 2751 388 2826 patrimonia
409 2754 550 2811 neminem
572 2753 765 2830 potentiorem
790 2754 882 2814 altero
909 2753 1073 2813 redderent.

81 2832 234 2892 Convivari
253 2851 352 2891 omnes
368 2833 484 2910 publice
506 2837 603 2910 iussit,
627 2854 663 2894 ne
686 2837 766 2898 cuius
787 2835 903 2897 diuitiae
925 2836 971 2894 vel
993 2835 1107 2895 luxu-4

78 2918 119 2975 ria
133 2917 161 2974 in
176 2916 292 2976 occtdto
316 2926 424 3000 essent.⁴
467 2918 622 2979 iuvenibus
640 2937 697 2979 non
716 2919 839 2997 amplius
860 2939 914 2979 ona
930 2927 1013 2977 veste
1034 2919 1106 2980 utic

77 3008 138 3059 toto
155 3018 230 3060 anno
247 2999 433 3079 permissum,
453 3020 507 3060 nec
528 3021 698 3080 quemquam
722 3003 826 3063 cultius
847 3020 929 3082 quam
953 3001 1074 3059 alterum

79 3084 216 3161 progredi
232 3103 287 3143 nec
303 3085 414 3163 epulari
430 3086 604 3163 opulentius,
624 3104 660 3144 ne
676 3087 795 3145 imitatio
811 3089 839 3145 in
856 3079 995 3145 luxuriam
1010 3102 1072 3141 ver·

77 3175 193 3227 teretru.
227 3167 337 3227 Pueros
354 3168 481 3246 puberes
494 3186 552 3228 non
569 3170 597 3227 in
614 3170 718 3244 lorum,
735 3169 788 3229 sed
808 3171 837 3228 in
853 3186 952 3245 agrum
968 3165 1071 3225 deduci
1086 3177 1104 3230 6

76 3253 236 3330 praecepit,
252 3259 282 3310 ut
297 3253 405 3329 primos
420 3268 512 3311 annos
527 3269 585 3310 non
600 3254 629 3311 in
644 3252 765 3327 luxuria,
784 3251 837 3311 sed
852 3253 880 3309 in
896 3268 986 3329 opere
1005 3259 1034 3309 et
1045 3252 1073 3308 in

75 3332 222 3396 laboribus
245 3343 376 3410 agerent.
431 3334 508 3393 Nihil
530 3352 583 3394 eos
602 3336 694 3394 somni
721 3352 808 3394 causa
833 3334 1023 3398 substernere
1042 3342 1103 3397 eti

76 3419 160 3476 vitam
181 3418 243 3485 sine
264 3416 412 3495 pulmento
436 3417 546 3494 degere
569 3436 664 3496 neque
684 3419 764 3496 prius
790 3420 819 3476 in
841 3417 942 3488 urbem
966 3414 1073 3494 redire,
