2442 3975
131 172 172 232 24
510 178 763 226 renereoueer
999 170 1134 227 1·111.12

90 335 311 402 locociderunt.
344 333 460 393 Xerxes
481 332 593 393 duobus
611 330 778 390 uulneribus
793 330 925 390 terrestri
944 331 1059 409 proelio
1082 351 1133 393 ac·

58 453 63 463 ·
136 421 229 498 ceptis
248 415 376 496 experiri
392 420 479 476 maris
498 418 641 476 fortunam
660 416 782 479 sternit„

108 516 122 565 l
198 503 246 561 12.
277 500 336 559 Sed
356 500 574 560 Atheniensium
599 498 657 557 dux
674 495 888 557 Themistocles
917 514 980 555 cum
1004 498 1131 557 animad-

135 586 271 645 vertisset
288 584 388 659 lonas,
407 593 529 662 propter
544 599 619 659 quos
638 580 745 640 bellum
757 581 909 640 Persarum
927 589 1131 659 susceperunt,

133 671 162 728 in
175 666 309 727 auxilium
321 670 401 742 regis
414 666 509 725 classe
521 666 656 740 venisse,
676 664 836 724 sollicitare
849 665 941 745 eosin
954 672 1052 741 partes
1063 681 1134 722 suas

106 752 248 826 2statuit,
267 759 295 808 et
315 769 378 809 cum
397 749 592 826 conloquendi
610 748 725 825 copiam
737 766 794 807 nou
806 747 944 822 haberet,
964 763 1021 824 quo
1036 747 1130 825 appli·

103 848 122 899 3
134 835 216 894 cituri
228 841 320 909 erant,
333 833 482 908 symbolos
496 834 622 911 proponi
634 840 663 889 et
675 832 754 890 saxis
766 829 911 910 proscribi
926 839 1021 890 curat:
1045 835 1134 906 ‘quae

132 936 205 992 vos,
228 917 331 993 lones,
352 916 493 976 dementia
512 913 613 974 tenet?
640 914 717 991 quod
735 914 848 974 iacimus
864 911 1002 989 agitatis?
1024 912 1132 972 bellurn
1179 948 1181 952 ,

133 1002 242 1061 inlerre
269 1000 338 1059 olim·
362 999 559 1059 conditoribus
587 1000 711 1079 uestris,
736 1016 829 1076 nuper
857 999 942 1056 etiam
970 995 1135 1056 vindicibus

104 1081 291 1160 nongentis?
324 1083 370 1142 An
393 1082 459 1141 ideo
479 1083 592 1142 moenia
622 1091 720 1140 vestra
749 1080 944 1157 condidimus,
975 1090 1003 1140 ut
1033 1089 1135 1140 essent

106 1169 188 1246 oqui
212 1176 310 1225 nostra
339 1164 491 1225 delerent?
523 1163 598 1239 Quid
628 1166 653 1222 si
685 1182 742 1223 non
768 1165 843 1224 haec
863 1163 962 1224 Dareo
994 1167 1073 1242 prius
1102 1172 1134 1222 et

134 1268 208 1322 nunc
229 1249 321 1309 Xerxi
343 1248 413 1307 belli
436 1267 523 1308 causo
549 1247 699 1308 nobiscum
727 1248 818 1324 foret,
848 1246 926 1324 quod
955 1265 1009 1306 uos
1035 1246 1133 1306 rebel·

89 1345 123 1398 -6
134 1334 229 1392 lantes
249 1349 308 1390 non
325 1330 525 1390 destituimus?
547 1332 622 1405 Quin
642 1350 694 1391 uos
717 1333 745 1390 in
767 1332 840 1391 haec
860 1340 953 1390 castra
977 1340 1074 1390 vestre
1095 1348 1133 1388 ex

106 1418 188 1480 tista
207 1413 357 1473 obsidione
376 1412 524 1473 transitis?
542 1410 630 1472 nuut'si
649 1414 706 1473 hoo
723 1432 822 1492 parum
839 1423 927 1474 tutum
946 1424 1006 1491 est,
1030 1424 1059 1474 at
1076 1431 1133 1472 vos

135 1499 289 1557 commisso
313 1497 427 1575 proelio
446 1498 485 1556 ite
504 1500 625 1571 cessim,
645 1497 771 1558 inhibete
789 1497 876 1556 remis
898 1507 926 1557 et
943 1515 959 1557 e
976 1498 1056 1556 bello
1075 1497 1133 1556 dis·

103 1581 250 1645 Scedite!
294 1579 371 1639 Ante
393 1581 504 1640 naualis
527 1581 632 1658 proelii
656 1583 896 1657 congressionem
918 1582 1036 1640 miserat
1057 1580 1132 1640 Xer-

133 1683 188 1724 xes
202 1662 256 1722 llll
268 1662 342 1722 milia
361 1664 477 1722 rnilitum
494 1674 667 1723 armatorum
677 1664 810 1742 Delphos
823 1663 862 1723 ¹ad
881 1665 1019 1742 templum
1039 1663 1131 1742 Apol·

104 1749 198 1813 olinis
224 1744 428 1824 diripiendum,
455 1765 575 1825 prorsus
601 1749 683 1824 quasi
710 1765 767 1806 non
786 1766 848 1806 cum
867 1748 987 1808 Graecis
1014 1755 1132 1820 tantum,

92 1831 185 1894 losed
212 1839 325 1889 etcum
350 1830 394 1889 dis
416 1829 615 1889 inmortalibus
640 1830 751 1907 tellum,
769 1841 903 1907 gereret:
932 1849 1008 1907 quae
1031 1847 1133 1889 manus

133 1923 193 1974 tota
209 1914 347 1973 imbribus
365 1923 394 1973 et
409 1913 572 1973 fulminibus
585 1913 681 1973 deleta
700 1923 761 1992 est,
780 1923 809 1972 ut
826 1912 1026 1989 intellegeret,
1045 1929 1132 1991 quam

92 2011 123 2062 ll
132 1997 338 2057 nullaeessent
349 1998 492 2057 hominum
505 1997 657 2057 adversum
670 1998 743 2058 deos
752 2000 840 2056 vires.
874 1996 943 2054 Post
954 1996 1028 2054 haec
1040 1995 1132 2055 Thes-

134 2082 197 2159 pias
220 2090 248 2139 et
265 2080 398 2141 Plataeas
419 2091 447 2140 et
463 2080 594 2140 Athenas
618 2099 726 2141 vacuas
744 2078 907 2139 hominihus
926 2080 1069 2154 incendit,
1102 2088 1133 2138 et

135 2164 268 2241 quoniam
285 2165 364 2224 lerro
391 2165 418 2223 in
442 2164 575 2223 homiues
602 2182 661 2224 non
687 2172 817 2242 poterat,
844 2164 873 2222 in
896 2162 1028 2223 aedilicia
1061 2164 1132 2239 igne

92 2256 290 2323 ligrassetur.
325 2246 456 2326 Namque
474 2247 670 2318 Athenienses
693 2247 760 2326 post
779 2265 905 2325 pugnam
922 2246 1131 2308 Marathoniam

134 2339 341 2407 praemonente
363 2330 574 2405 Themistocle,
604 2332 754 2390 victoriam
778 2331 856 2390 illam
882 2330 919 2390 de
946 2329 1046 2389 Persis
1072 2347 1132 2388 non

80 2427 82 2430 ’
135 2414 238 2487 finem,
258 2412 310 2471 sed
329 2431 443 2473 causam
462 2414 577 2473 maioris
595 2412 666 2472 belli
684 2414 764 2490 lore,
787 2413 836 2473 CC
856 2432 946 2474 naves
968 2413 1131 2474 fabricave-

91 2504 205 2561 13runt.
239 2494 422 2556 Adventante
437 2497 524 2572 igitur
542 2496 643 2556 Xerxe
671 2497 906 2577 (consulentibus
923 2497 1048 2575 Delphis
1067 2514 1131 2556 ora·

30 2649 35 2658 ⁴
133 2578 227 2638 culum
250 2596 422 2658 responsum
443 2579 552 2650 iuerat,
585 2580 707 2639 salutem
728 2582 815 2640 muris
839 2580 945 2657 ligneis
966 2579 1132 2656 tuerentur)

80 2662 342 2725 ‘14Themistocles
353 2664 466 2722 navium
478 2662 653 2740 praesidium
671 2663 895 2724 demonstratum
913 2673 992 2723 ratus
1011 2682 1131 2742 persua·

134 2745 181 2804 det
196 2745 342 2822 omnibus,
366 2747 487 2823 patriam
509 2747 670 2823 municipes
692 2766 776 2823 esse,
799 2765 856 2807 uon
878 2749 1007 2823 moenia,
1032 2748 1130 2806 civita·

92 2839 248 2907 rstemqne
274 2847 331 2887 nou
353 2830 382 2887 in
408 2827 563 2903 aediliciis,
592 2829 645 2888 sed
671 2831 699 2888 in
723 2830 834 2890 civibus
860 2833 999 2910 positam:
1027 2830 1131 2889 melius

132 2914 229 2989 itaque
247 2912 366 2970 salutem
390 2911 510 2970 navibus
528 2929 613 2988 quam
632 2912 695 2971 urbi
714 2915 934 2982 commissuros;
958 2913 1041 2975 huius
1065 2930 1130 2971 seu·

92 2997 237 3057 lotentiae
259 2997 343 3055 etiam
366 2994 451 3054 deum
468 2992 616 3054 auctorem
636 3014 713 3061 esse.
745 2997 872 3058 Probato
891 2997 1013 3057 consilio
1031 2996 1130 3055 coniu-

132 3096 186 3154 ges
207 3078 376 3157 liberosque
398 3096 461 3138 curn
484 3079 702 3156 pretiosissimis
723 3080 812 3140 rebus
834 3081 938 3141 abditis
961 3080 1064 3141 insulis
1085 3096 1131 3138 re·

91 3159 279 3223 ttlictaurbe
298 3162 483 3229 demandant;
502 3163 558 3238 ipsi
577 3180 668 3223 neves
685 3165 784 3225 armati
796 3164 1005 3225 conscendunt.
1025 3163 1131 3224 Exem-

92 3243 208 3321 lssplum
221 3244 438 3305 Atheniensium
457 3254 486 3303 et
504 3244 578 3304 aliae
598 3247 685 3307 urbes
701 3248 837 3308 imitatae.
860 3248 962 3325 ltaque
980 3265 1044 3306 cum
1063 3245 1131 3307 adu·

133 3336 198 3385 nata
211 3330 303 3387 omnis
317 3330 463 3387 sociorum
477 3328 580 3386 classis
592 3339 621 3388 et
633 3331 740 3391 intente
758 3333 787 3390 in
805 3330 914 3390 bellurn
932 3331 1036 3390 navale
1052 3336 1133 3389 esset

132 3412 339 3487 angustiasque
358 3411 503 3470 Salaminii
528 3411 611 3489 freti,
634 3431 671 3472 ue
695 3416 896 3476 circumveniri
919 3413 1132 3474 amultitudine
