2442 3975
141 182 204 243 aba
243 162 248 175 ’
516 194 624 242 raons
638 193 769 242 eouanr
979 183 1135 255 ΚΒΜ-5

109 348 215 411 cnudo
240 347 351 406 demum
371 363 439 406 ossa
458 356 535 407 terra
556 345 689 406 obruunt.
722 345 754 405 ln
774 345 1028 423 superstitionibus
1042 353 1136 422 utque

109 441 207 493 'leura
226 429 344 488 deorum
361 431 517 508 praecipua
539 430 670 488 omnibus
683 429 834 487 veneratio
849 437 903 488 est.
922 427 1039 504 lagenis
1049 430 1134 503 genti

140 511 255 586 tumida,
272 513 427 588 seditiosa,
445 513 642 585 fraudulenta,
659 513 810 587 procacia:
836 512 944 589 quippe
964 508 1134 570 violentiam

80 588 83 594 ’
106 595 221 669 iiviris,
243 595 487 654 mansuetudinem
508 593 676 653 mulieribus
699 594 860 670 adsignant.
894 595 1018 671 Semper
1040 601 1086 652 aut
1101 596 1133 654 in

130 686 278 736 externos
293 679 386 736 notin
400 677 577 736 domesticos
593 686 687 736 motos
705 677 839 754 inquieti,
856 685 957 737 natura
974 678 1070 751 taciti,
1092 678 1133 737 ad

138 760 299 818 faciendum
316 776 399 836 quam
414 759 450 818 ad
466 759 617 819 dicendum
633 761 843 838 promptiores:
863 759 985 836 proinde
1000 760 1132 819 secunda

108 842 320 919 tiadversaque
341 843 456 902 silentio
479 851 588 918 tegunt.
620 841 800 920 Principibus
820 851 914 917 metu,
935 858 994 900 non
1016 843 1131 919 pudore

96 934 131 986 ιο
143 934 255 1004 parent.
283 923 316 983 ln
331 925 478 985 libidinem
493 926 637 1001 proiecti,
659 925 687 981 in
709 924 803 984 cibum
819 927 910 1003 parci.
940 923 1027 983 Fides
1044 924 1132 984 dietis

139 1007 348 1084 promissisque
362 1007 451 1083 nullu,
467 1008 521 1065 nisi
539 1015 679 1085 quatenus
695 1007 823 1085 expedit.

110 1100 125 1151 1
197 1090 226 1147 4.
257 1089 326 1148 Post
340 1098 462 1148 mortem
477 1089 637 1149 Alexandri
655 1090 750 1165 magni
771 1090 922 1148 cuminter
937 1106 1131 1149 successores

139 1174 201 1231 eius
217 1172 335 1230 orientis
353 1189 444 1247 regna
467 1172 681 1246 dividerentur,
698 1171 778 1237 nullo
788 1170 978 1231 Macedonum
993 1171 1152 1248 dignante·

31 1250 34 1255 ⁴
106 1253 305 1314 2Partlrorum
319 1255 467 1330 imperinm
482 1255 618 1330 Stagnori
627 1299 635 1328 ,
652 1262 774 1312 externo
789 1255 882 1331 socio,
898 1254 1027 1313 traditur.
1056 1254 1130 1313 Pos-

136 1344 185 1397 tea
209 1336 341 1395 deductis
362 1334 570 1396 Macedonibus
590 1337 619 1394 in
640 1335 747 1395 liellum
769 1336 855 1395 civile
877 1353 940 1395 cnm
956 1338 1064 1396 ceteris
1079 1355 1131 1396 su-

138 1419 262 1494 perioris
281 1417 370 1477 Asiae
391 1418 505 1496 populis
530 1418 678 1478 Eumenen
697 1420 789 1478 secuti
812 1428 893 1491 sunt,
917 1436 975 1498 quo
992 1421 1071 1478 victo
1092 1419 1132 1478 ad

107 1500 312 1576 3Antigonum
331 1503 482 1561 transiere.
515 1502 583 1561 Post
597 1502 673 1561 hunc
687 1519 704 1561 a
719 1501 858 1571 Nicatore
872 1503 999 1561 Seleuco
1011 1518 1047 1560 ae
1060 1519 1131 1560 mox

138 1581 174 1641 ab
188 1583 332 1642 Antiocho
342 1593 378 1657 ,et
394 1585 615 1643 successoribus
631 1587 694 1643 eius
709 1586 857 1662 possessi,
880 1603 897 1643 a
920 1586 999 1644 cuius
1022 1602 1129 1662 prooe-

137 1674 209 1742 pote
223 1666 352 1725 Seleuco
369 1668 489 1743 primum
501 1666 640 1726 defecere
657 1669 748 1743 primo
765 1667 874 1727 Punico
888 1667 979 1740 bello,
998 1666 1029 1725 L.
1047 1667 1128 1726 llan-

106 1748 178 1808 4lio
195 1747 342 1823 Vulsone,
360 1748 397 1807 Μ,
415 1749 503 1807 Atilio
519 1749 634 1826 Regulo
649 1749 826 1809 consulibus.
852 1749 942 1809 Huius
954 1751 1129 1810 defectionis

137 1829 325 1907 inpunitatem
341 1831 398 1890 illis
416 1833 534 1891 duorum
560 1833 678 1891 fratrum
694 1851 795 1908 regum
810 1832 928 1892 Seleuci
947 1832 1129 1892 et'A-utiocbi

137 1912 280 1972 discordia
297 1913 393 1989 dedit,
409 1915 457 1992 qui
471 1915 535 1973 dum
547 1916 670 1974 invicem
684 1916 799 1993 eripere
809 1914 869 1973 ¹sibi
885 1933 1004 1992 reguum
1018 1916 1128 1992 volunt,

104 1998 272 2073 apersequi
288 1997 456 2056 defectores
470 2000 634 2057 omiserunt.
665 1998 776 2057 Eodem
788 2008 920 2076 tempore
935 2001 1019 2058 etiam
1032 1998 1127 2057 'lbeo-

136 2078 231 2154 dotus,
246 2079 325 2138 mille
339 2079 448 2140 urbium
465 2083 677 2140 Bactrianorum
693 2081 870 2158 praefectus,
887 2082 995 2141 defecit
1011 2099 1127 2157 regem-

137 2178 193 2237 que
207 2179 239 2220 se
256 2162 397 2239 appellari
411 2165 507 2222 iussit:
524 2164 600 2241 quod
621 2164 782 2242 exemplum
799 2166 897 2232 =secuti
917 2167 1005 2225 totius
1029 2167 1126 2223 orien-

105 2245 172 2306 6tis
187 2244 286 2322 populi
301 2262 317 2303 a
334 2244 542 2305 llacedouibus
557 2247 705 2309 defecere.
735 2245 806 2306 Erat
824 2264 864 2316 eo,
882 2254 1015 2326 tempore
1037 2247 1126 2305 Arsa-

103 2334 122 2388 7
136 2327 262 2399 ces,vir
283 2328 357 2386 sicut
386 2331 514 2387 incertae
544 2330 679 2405 originis,
701 2332 740 2388 ita
755 2330 867 2388 virtutis
888 2339 1038 2407 expertae.
1071 2329 1128 2388 llic

136 2406 238 2466 solitus
259 2409 418 2469 latrociniis
440 2418 469 2468 et
487 2420 570 2487 rapto
592 2413 693 2471 virere
715 2421 837 2489 accepta
866 2415 1002 2492 opinione
1023 2412 1126 2473 Seleu·

135 2507 199 2547 cum
215 2507 230 2548 a
250 2489 339 2550 Gallis
351 2494 380 2550 io
394 2491 464 2551 Asia
480 2495 601 2569 victum,
628 2495 739 2553 solutus
754 2496 836 2571 regis
848 2505 942 2569 metu,
965 2514 1027 2554 cum
1040 2511 1126 2572 prae·

135 2572 238 2631 donum
254 2591 337 2632 mann
352 2573 473 2633 Parthos
487 2577 636 2651 ingressus
661 2578 840 2654 praefectum
860 2596 959 2638 eorum
972 2577 1126 2654 Andrago-

104 2666 184 2719 8ran
206 2659 353 2733 oppressit
374 2656 547 2735 sublatoque
567 2677 604 2717 eo
628 2660 777 2735 imperium
799 2662 896 2736 gentis
919 2661 1031 2720 invasit.
1058 2660 1125 2718 Non

134 2754 238 2813 magno
247 2738 350 2797 deinde
359 2748 565 2818 posttempore
576 2741 774 2816 Hyrcanorum
782 2760 1024 2821 quoqueregnnm
1037 2759 1125 2801 occu·

135 2823 229 2898 pavit,
244 2830 329 2898 atque
343 2822 381 2881 ita
394 2815 510 2882 duarum
527 2826 681 2883 civitatium
695 2825 815 2900 imperio
828 2826 976 2904 praeditus
987 2825 1126 2901 grandem

134 2907 294 2962 exercitum
323 2915 405 2981 parat
430 2916 506 2965 metu
524 2907 640 2966 Seleuci
664 2917 694 2965 et
718 2906 878 2982 Theodoti,
909 2908 1124 2968 Bactrianorum

103 2988 231 3062 {tregia
263 2988 321 3047 Sed
348 2989 407 3046 cito
429 2999 522 3048 morte
545 2989 689 3049 Theodoti
713 3001 790 3050 metu
815 2991 953 3050 liberatus
976 3009 1038 3049 cum
1063 2987 1125 3049 lilio

133 3072 195 3127 eius
214 3079 244 3129 et
257 3071 321 3146 ipso
338 3069 490 3131 l'heodoto
503 3072 607 3131 foedus
619 3091 655 3132 ac
669 3090 771 3151 pacem
785 3074 871 3148 iecit,
887 3092 943 3133 nec
954 3074 1043 3132 multo
1055 3081 1126 3149 post

133 3169 196 3209 cum
222 3153 351 3212 Seleuco
379 3171 451 3230 rege
481 3155 517 3214 ad
550 3155 716 3215 defectores
742 3157 963 3233 persequendos
987 3156 1126 3215 veniente

88 3245 123 3296 10
133 3250 312 3310 congressus
329 3237 424 3296 victor
444 3237 511 3296 fuit:
528 3252 613 3316 quem
629 3239 704 3298 diem
716 3238 810 3298 Parthi
826 3240 931 3299 exinde
952 3238 1124 3297 sollemnem

134 3316 212 3374 velut
227 3317 333 3375 initiu'm
351 3318 492 3377 libertatis
507 3320 672 3380 obsorbent.

104 3406 118 3456 l
193 3399 222 3455 5.
255 3398 406 3459 Revocato
428 3401 533 3459 deinde
561 3402 688 3461 Seleuco
712 3405 795 3462 noris
825 3403 950 3464 motibus
969 3406 998 3463 iu
1022 3404 1125 3465 Asiam
