2442 3975
138 254 178 313 14
521 261 777 309 recorrourur
1024 259 1052 311 11
1064 263 1141 323 1-3

90 419 163 481 mbr
174 417 325 478 Ponticum
337 426 367 476 et
377 417 559 496 Aegyptium
566 433 649 475 mare
659 415 828 486 decumana
848 416 1015 496 Aegyptum
1031 431 1139 500 autem,

135 520 210 582 quae
221 510 265 560 tot
275 518 393 576 regum,
407 501 591 573 saeculorum
608 517 676 558 eura
688 501 868 577 inpensaque
880 501 984 562 munita
997 505 1033 561 sit
1044 514 1075 562 et
1086 506 1135 565 ad-

133 603 250 645 versum
263 587 319 643 vim
332 587 536 644 incurrentium
548 600 686 661 aquarum
704 586 791 642 tantis
809 593 916 643 structa
934 585 1073 663 molibus,
1092 597 1135 647 tot

134 670 224 729 fossis
237 672 370 744 concisa,
386 678 432 745 ut,
445 686 508 727 cum
523 668 567 727 his
580 674 751 742 arceantur,
772 667 830 726 illis
842 669 1018 745 recipiantur
1028 686 1134 748 aquae,

133 753 223 813 nihilo
237 754 328 811 minus
341 751 399 811 coli
410 753 464 812 nisi
477 752 598 811 excluso
611 749 679 809 Nilo
692 766 750 808 nou
766 752 891 828 potuerit
902 769 957 810 nee
970 755 1075 830 possit,
1092 756 1134 813 vi·

133 836 196 896 deri
217 836 362 895 hominum
381 844 526 894 vetustate
549 834 658 894 ultima:
684 851 758 910 quae
776 834 1017 910 aggerationibus
1033 855 1135 914 regum

90 923 195 985 ursive
206 918 415 979 Nilitrahentis
427 920 522 979 limum
540 927 680 977 terrarum
696 919 896 978 recentissima
912 918 1051 979 rideatur.
1084 920 1138 980 llis

134 1006 221 1082 igitur
246 1005 422 1078 argumentis
454 1003 600 1081 superatis
624 1000 780 1078 Aegyptiis
807 1003 986 1080 antiquiores
1018 1020 1136 1082 semper

134 1087 261 1162 Scythae
278 1087 341 1145 uisi.

105 1186 120 1235 1
195 1170 225 1230 2.
255 1170 372 1245 Scythia
386 1175 480 1228 autem
495 1167 687 1252 inorientem
702 1178 839 1246 porrecta
857 1169 1011 1229 includitur
1028 1170 1064 1231 ab
1078 1188 1135 1231 uno

134 1255 227 1314 latere
243 1253 353 1329 Ponto,
376 1254 412 1311 ab
427 1254 521 1312 altero
536 1251 680 1311 montibus
697 1251 851 1329 Riphaeis,
877 1272 893 1312 a
909 1262 995 1330 tergo
1013 1254 1084 1314 Asia
1106 1263 1136 1315 et

105 1337 218 1400 2Phasi
235 1338 358 1396 llumiue.
391 1337 508 1396 Multum
529 1339 557 1395 in
572 1335 781 1412 longitudinem
803 1346 832 1396 et
851 1337 1029 1397 latitudinem
1046 1347 1134 1416 patet.

106 1420 302 1487 3Hominibus
317 1422 391 1479 inter
410 1439 442 1478 se
462 1419 531 1479 nulli
546 1421 637 1479 lines:
662 1437 757 1497 neque
776 1421 851 1478 enim
866 1439 967 1497 agrurn
983 1431 1134 1498 exercent,

134 1522 189 1564 nec
204 1503 304 1563 domus
319 1504 377 1562 illis
393 1503 451 1562 ulla
467 1512 513 1562 aut
529 1512 634 1562 tectum
654 1512 701 1561 aut
717 1503 804 1562 sedes
821 1513 882 1582 est,
899 1516 1025 1566 armenta
1041 1514 1069 1564 et
1084 1524 1134 1585 pe·

137 1606 206 1648 cora
233 1606 349 1666 semper
378 1585 564 1667 pascentibus
590 1595 620 1644 et
653 1605 706 1665 per
735 1588 859 1647 incultas
889 1588 1061 1648 solitudines
1088 1608 1132 1647 er·

103 1683 198 1735 trare
221 1672 324 1730 solitis.
355 1673 472 1732 Uxores
490 1670 660 1749 liberosque
679 1687 777 1729 secum
802 1672 829 1729 in
854 1671 991 1749 plaustris
1015 1672 1133 1747 vehunt,

135 1754 237 1832 quibus
259 1756 348 1814 coriis
370 1753 500 1814 imbrium
521 1754 681 1830 hiemisque
704 1772 789 1812 causa
813 1757 898 1815 tectis
922 1773 976 1834 pro
1004 1755 1134 1816 domibus

116 1841 261 1917 {utuntur
295 1837 405 1898 lustitia
420 1839 516 1915 gentis
534 1838 658 1913 ingeniis
674 1837 766 1913 culta,
787 1855 844 1897 non
859 1839 984 1915 legibus.
1018 1838 1134 1899 Nullum

135 1922 233 1981 scelus
249 1923 324 2002 apud
343 1940 396 1982 eos
410 1922 487 1981 lurto
509 1922 642 1998 gravius:
669 1922 778 1999 quippe
795 1923 857 1980 sine
873 1925 942 1981 teeti
959 1926 1133 1981 munimento

134 2026 245 2085 peoora
260 2016 289 2065 et
305 2017 432 2067 armenta
449 2005 621 2066 habentibus
637 2005 704 2083 quid
721 2007 795 2065 iuter
811 2005 899 2065 silvas
914 2014 1092 2083 superesset,
1108 2007 1133 2064 si
1186 2043 1190 2053 ·

106 2090 224 2154 tturnrt
249 2089 375 2151 liceret?
399 2091 509 2150 Aurum
529 2099 559 2148 et
580 2098 731 2165 argeutum
752 2106 809 2148 non
830 2088 949 2166 perinde
970 2107 1004 2149 ac
1029 2088 1133 2167 reliqui

115 2173 275 2251 imortales
292 2173 439 2252 adpetunt.
465 2174 553 2233 Lacte
566 2183 594 2232 et
605 2173 692 2232 'melle
705 2182 870 2232 vescuntur.
903 2172 998 2233 Lanae
1014 2175 1049 2232 iis
1064 2191 1133 2232 usus

134 2276 169 2316 ac
186 2260 308 2316 vestium
327 2259 458 2334 ignotus,
481 2264 513 2316 et'
530 2274 699 2334 quamquam
722 2258 863 2316 continuis
878 2256 1035 2333 frigoribus
1050 2274 1132 2316 uran-

94 2349 187 2416 lotur,
206 2340 330 2417 pellibus
341 2350 435 2401 tamen
448 2341 548 2401 ferinis
560 2359 594 2400 ac
604 2340 721 2398 murinis
735 2349 858 2399 utuntur.
889 2340 969 2399 Haec
986 2341 1132 2399 eontinen-

133 2425 173 2483 tia
189 2424 246 2484 illis
260 2442 370 2484 morum
386 2442 501 2504 quoque
519 2425 654 2484 iustitiam
670 2423 774 2499 edidit,
799 2423 867 2483 nihil
884 2425 1008 2483 alienum
1025 2441 1131 2483 concu·
1161 2457 1164 2468 ·

134 2508 328 2585 piseeutibus:
346 2512 454 2587 quippe
467 2507 570 2567 ibidem
586 2508 745 2567 divitiarum
762 2506 867 2585 cupido
881 2517 935 2583 est,
952 2508 998 2568 uhi
1013 2516 1043 2566 et
1055 2525 1133 2567 usus.

92 2591 228 2669 lldtque
244 2596 348 2651 utinam
364 2593 484 2672 reliquis
508 2591 678 2651 mortalibus
693 2591 793 2650 similis
810 2590 971 2650 moderatio
988 2591 1132 2650 abstineu-

91 2677 228 2754 12tiaque
244 2676 332 2735 alieni
345 2677 438 2737 foret:
462 2675 596 2754 prolecto
613 2692 670 2734 non
686 2684 793 2734 tantum
809 2672 953 2735 bellorum
969 2693 1021 2753 per
1038 2677 1133 2734 omnia

91 2764 124 2820 13
132 2759 248 2819 saecula
270 2761 356 2818 terris
379 2759 510 2819 omnibus
536 2760 767 2837 continuaretur,
788 2776 883 2836 neque
905 2759 970 2837 plus
989 2759 1134 2818 hominum

132 2842 241 2903 ferrum
264 2852 293 2902 ct
314 2861 391 2903 arma
436 2862 499 2903 uam
525 2842 662 2901 naturalis
689 2842 812 2904 latorum
840 2841 973 2902 condicio
999 2850 1132 2920 raperet:

91 2934 253 3004 laprorsus
269 2937 298 2986 ut
314 2862 482 2987 admirabile
502 2926 647 3001 videatur,
668 2925 724 2984 hoe
740 2926 798 2985 illis
813 2935 941 2985 naturam
958 2926 1036 3001 dare,
1055 2924 1133 3002 qnod

133 3008 238 3069 Graeci
252 3010 341 3088 longa
357 3012 527 3088 sapientium
542 3009 673 3069 doctrina
696 3013 921 3088 praeceptisque
942 3008 1132 3087 philosopho-

133 3112 195 3152 rum
212 3097 352 3172 consequi
367 3103 529 3173 nequeuut,
553 3093 705 3170 cultosque
719 3109 816 3152 mores
839 3093 964 3152 incultae
980 3089 1133 3150 barbariae

92 3187 124 3239 15
133 3177 296 3237 conlatione
309 3181 452 3257 superari.
482 3178 574 3237 Tanto
588 3176 653 3253 plus
666 3177 694 3234 in
708 3175 764 3236 illis
775 3176 892 3255 proficit
904 3177 1038 3236 vitiorum
1050 3177 1132 3251 iguo·

134 3261 208 3319 ratio
224 3278 308 3339 quam
324 3263 351 3320 in
368 3262 412 3322 his
430 3263 559 3338 cognitio
576 3261 697 3319 virtutis.

108 3354 121 3403 l
199 3345 227 3404 3.
261 3344 415 3423 Imperium
437 3342 527 3406 Aside
552 3354 596 3404 ter
624 3345 812 3421 quaesivere;
847 3344 903 3424 ipsi
928 3350 1071 3422 perpetuo
1096 3340 1134 3400 ab

104 3426 228 3485 aeliano
245 3428 366 3505 imperio
384 3437 431 3487 aut
447 3429 544 3489 intacti
560 3436 608 3487 aut
629 3429 726 3488 invicti
747 3446 890 3488 mansere.
922 3426 1065 3501 Dareum,
1088 3442 1133 3483 re-

103 3516 200 3583 egem
216 3508 383 3586 Persarum,
410 3515 486 3589 turpi
504 3511 540 3571 ab
559 3506 677 3585 Scythia
695 3512 901 3571 submoverunt
915 3510 984 3588 fuga
994 3532 1001 3581 ;
1028 3509 1135 3585 Cyrum
