2442 3975
528 195 636 252 unool
650 195 781 244 POMPEI

435 516 679 603 'torono
731 487 844 602 xrrn¹

125 767 140 817 l
212 756 229 814 ,1
237 798 249 814 .,
268 717 409 811 Extincto
421 753 451 809 in
463 751 527 829 ipso
540 751 643 812 aetatis
655 749 692 808 ac'
701 750 886 809 victoriarum
901 749 974 808 llore
985 748 1153 808 Alexandro

127 850 257 912 amagno
277 837 358 895 triste
377 834 451 912 apud
471 851 571 893 omnes
593 842 653 893 tota
670 832 820 907 Babylone
846 834 988 893 silentium
1003 832 1065 892 fuit.
1095 832 1154 891 Sed

154 938 211 980 neo
236 919 368 979 devictae
389 927 493 994 gentes
509 917 596 976 tidem
611 917 708 976 nuntio
724 915 901 992 babuerunt,
926 915 1003 995 qnod
1021 925 1050 975 nt
1065 916 1154 974 invic-

123 1013 212 1069 3tum
236 1020 337 1078 regern
360 1003 399 1061 ita
428 1000 608 1059 inmortalem
634 1017 701 1057 esse
732 1000 930 1077 crediderant,
962 999 1154 1059 recordantes

91 1099 96 1108 ·
154 1087 288 1165 quotiens
311 1086 459 1164 praesenti
478 1092 572 1154 morte
602 1091 723 1160 ereptus
749 1092 848 1157 esset,
880 1101 1077 1161 quamsaepe
1100 1100 1154 1160 pro

154 1170 260 1234 amisso
281 1176 404 1246 repente
426 1183 538 1226 senon
560 1168 701 1243 sospitem
722 1174 829 1224 tantum
850 1167 922 1242 suis,
946 1183 1046 1225 verum
1068 1167 1155 1225 etiam

123 1254 294 1315 4victorem
310 1248 476 1309 obtulisset.
499 1249 536 1308 Ut
551 1266 623 1308 vero
642 1250 741 1306 mortis
757 1250 819 1307 eius
837 1248 909 1306 fides
931 1247 1036 1323 adfuit,
1053 1266 1155 1307 omnes

153 1334 296 1393 barbarae
316 1340 421 1407 gentes
444 1331 531 1408 paolo
553 1339 619 1389 ante
642 1331 677 1389 ab
698 1347 734 1389 eo
751 1331 883 1389 devictae
904 1327 961 1388 non
977 1340 1007 1389 nt
1028 1332 1154 1406 hostem,

60 1415 62 1418 ’
122 1416 207 1480 5sed
224 1424 255 1472 ut
269 1422 420 1491 parentem
440 1413 584 1472 luxerunt.
616 1412 708 1471 Mater
725 1431 841 1491 quoque
856 1412 944 1471 Darei
959 1415 1056 1490 regis,
1081 1433 1154 1492 quae

154 1499 260 1556 amisso
279 1497 339 1555 lilio
363 1514 380 1555 a
401 1496 518 1573 fastigio
536 1505 634 1555 tantae
655 1497 813 1555 maiestatis
828 1497 856 1572 in
884 1498 1082 1574 captivitatem
1107 1515 1153 1557 re·

155 1580 238 1640 dacta
250 1579 430 1657 indulgentia
444 1581 565 1638 victoris
579 1581 607 1638 in
624 1597 686 1639 eam
702 1580 778 1639 diem
793 1581 870 1638 vitae
886 1597 943 1638 non
959 1583 1152 1658 paenituerat,

124 1664 250 1727 cautim
265 1672 359 1722 morte
370 1662 532 1724 Alexandri
545 1673 669 1721 mortem
684 1663 738 1722 sibi
753 1666 817 1741 ipsa
829 1666 986 1737 conscivit,
1002 1681 1059 1723 non
1075 1663 1154 1741 quod

154 1746 269 1805 hoste'm
286 1746 346 1805 filio
367 1746 548 1823 praeferret,
570 1746 624 1805 sed
641 1747 718 1823 quod
734 1747 872 1824 pietatem
888 1747 939 1805 fitii
954 1748 982 1805 in
997 1764 1051 1822 eo,
1068 1764 1153 1823 quem

124 1839 185 1893 tut
201 1828 315 1889 hostem
330 1831 481 1905 timuerat,
499 1839 622 1906 experta
636 1824 729 1888 'esset
750 1827 857 1889 Contra
868 1829 1051 1890 'Macedones
1067 1847 1153 1889 versa

154 1914 219 1974 vice
235 1907 293 1971 non
308 1922 338 1972 nt
357 1913 450 1973 civem
464 1931 498 1974 ac
511 1922 606 1972 tantae
621 1914 779 1973 maiestatis
796 1931 907 1990 regem,
925 1932 1024 1972 verum
1039 1923 1069 1971 nt
1084 1913 1153 1972 hos·

86 2070 88 2075 Ι
155 2007 214 2056 tem
238 1999 374 2056 amissum
393 1997 576 2073 gaudebant,
600 1994 630 2055 et
652 2000 838 2057 severitatem
855 1998 967 2056 nimiam
983 2006 1012 2055 et
1033 1996 1153 2056 adsidua

124 2080 226 2146 8belli
248 2080 379 2159 pericula
400 2090 585 2140 execrantes.
619 2079 682 2139 lluc
704 2080 880 2154 accedebat,
902 2081 980 2157 quod
1002 2080 1153 2157 principes

153 2181 275 2239 regnum
291 2172 320 2222 et
335 2165 473 2241 imperia,
491 2164 595 2240 vulgus
609 2163 728 2222 militnm
744 2163 897 2222 thesauros
913 2171 941 2221 et
955 2161 1066 2239 grande
1081 2179 1152 2241 pon-

154 2248 207 2307 dus
230 2248 291 2306 auri
314 2247 394 2306 velut
413 2247 587 2324 inopinatam
603 2247 740 2323 praedam
761 2245 947 2324 spectabant:
972 2246 1013 2304 illi
1033 2264 1152 2306 succes·

156 2331 267 2388 sionem
290 2330 389 2406 regni,
422 2329 450 2388 hi
469 2346 556 2407 opum
576 2347 611 2388 ao
629 2328 791 2388 divitiarum
807 2329 996 2390 hereditatem
1022 2331 1152 2405 cogitan-

126 2421 211 2475 ates.
244 2410 335 2471 Erant
359 2415 433 2473 enim
452 2414 480 2471 in
498 2412 643 2472 thesauris
666 2410 687 2470 L
712 2413 789 2471 milia
810 2412 948 2472 talentum
964 2422 993 2471 et
1009 2414 1038 2487 ip
1058 2429 1152 2474 annuo

113 2506 148 2557 10
156 2494 295 2571 uectigali
310 2496 426 2555 tributo·
441 2497 551 2555 tricena
567 2495 653 2555 milia.
691 2496 750 2555 Sed
768 2496 851 2554 amici
866 2495 1025 2554 Alexandri
1046 2496 1153 2555 frustra

154 2594 276 2654 regnum
293 2579 474 2656 spectabant.
504 2578 577 2638 Nam
593 2581 656 2638 eins
673 2579 783 2637 virtutis
800 2596 834 2636 ac
848 2581 1045 2638 venerationis
1061 2587 1153 2656 erant,

113 2670 146 2724 11
156 2669 187 2720 ut
202 2660 333 2738 singulos
355 2680 442 2739 reges
459 2672 593 2739 putares:
620 2662 727 2740 quippe
745 2679 780 2720 ea
794 2661 906 2721 formae
922 2661 1105 2739 pulchritudo
1124 2670 1154 2720 et

154 2746 320 2824 proceritas
348 2747 480 2824 corporis
501 2754 530 2804 et
557 2747 659 2804 virium
685 2763 720 2803 ac
742 2746 904 2822 sapientiae
929 2746 1097 2823 magnitudo
1124 2747 1153 2803 in

156 2826 287 2887 omnibus
307 2828 376 2904 luit,
402 2838 432 2888 nt
455 2829 502 2907 qui
519 2845 573 2887 eos
588 2830 756 2905 ignoraret,
777 2845 835 2887 non
850 2847 887 2887 ex
901 2846 956 2888 una
971 2838 1076 2905 gente,
1099 2826 1152 2886 sed

112 2920 194 2975 nex
219 2920 281 2972 toto
301 2920 443 2971 terrarum
464 2911 537 2971 orbe
556 2911 674 2971 electos
690 2911 840 2971 iudicaret.
880 2910 984 2989 Neque
1001 2912 1076 2972 enirn
1093 2928 1152 2968 nm·

156 3010 242 3072 qnam
262 3004 328 3055 ante
344 2994 514 3056 Macedonia
536 2994 584 3054 vel
598 2995 656 3054 nlla
672 3011 746 3071 gens
764 2995 892 3055 allatam
909 2995 1054 3054 clarorum
1075 2995 1152 3051 viro·

112 3085 148 3142 13
157 3096 218 3137 rum
233 3088 376 3156 proventu
392 3077 504 3154 floruit,
521 3095 595 3156 quos
613 3080 705 3156 primo
720 3077 886 3158 Philippus,
900 3096 969 3138 mox
984 3076 1154 3137 Alexander

155 3169 236 3224 tanta
256 3180 324 3223 cura
341 3162 474 3240 legerat,
493 3170 595 3220 utnon
611 3171 668 3221 tam
688 3160 722 3219 ad
743 3162 916 3221 sociotatem
932 3161 1004 3220 belli
1019 3177 1104 3240 quam
1124 3159 1153 3216 in

113 3247 375 3306 retrocessionem
396 3246 480 3322 regni
501 3242 589 3304 electi
615 3245 792 3303 viderentur.
832 3244 904 3317 Quis
927 3245 1013 3320 igitur
1033 3245 1154 3301 miretur

156 3325 261 3385 talibas
284 3329 419 3388 ministris
436 3328 537 3389 orbern
551 3335 693 3393 terrarum
708 3327 831 3403 victum,
851 3345 915 3387 cnm
931 3328 1077 3386 exercitus
1093 3323 1152 3383 bla-

114 3415 147 3467 15
158 3407 300 3468 cadonum
314 3419 356 3469 tot
371 3427 429 3469 non
444 3410 582 3487 ducibus,
598 3410 651 3469 sed
666 3407 786 3487 regibus
800 3406 995 3487 regerentur?
1011 3410 1059 3487 qui
1073 3424 1153 3465 num·
