2442 3975
155 178 217 241 214
521 191 629 242 rnonr
644 193 775 241 nouem
870 183 962 237 xum
978 187 1004 238 t.
1030 182 1151 278 xn1v1

113 356 146 408 11
221 343 252 405 lu
272 351 418 422 postremo
441 343 516 404 libro
532 342 647 421 Trogus
661 345 787 404 maiores
802 360 873 404 suos
888 361 904 404 a
920 344 1073 403 vocontiis
1088 345 1149 403 ori·

154 429 250 504 giuem
272 427 394 495 ducere;
417 444 499 487 avum
527 444 608 487 suum
630 425 756 503 Trogum
784 427 953 506 Pompeium
973 427 1149 486 Sertoriano

113 508 237 577 libello
261 511 404 569 civitatem
431 509 516 570 alin.
540 509 680 587 Pompeio
702 511 875 587 percepisse
898 510 983 585 dicit,
1008 517 1149 587 ¹patruum

154 590 346 653 Mithridatico
369 590 448 653 bello
470 601 576 652 turmas
599 592 727 671 equitum
749 591 801 651 sub
818 594 922 652 eodem
938 593 1077 670 Pompeio
1094 592 1148 651 du·

155 675 253 751 risse,
276 684 387 754 patrem
405 692 521 752 quoque
546 675 599 736 sub
617 674 690 734 Gaio
706 672 833 734 Caesare
851 676 990 736 militasse
1007 675 1148 753 epistula·

155 775 273 836 rumque
290 758 525 835 allegationum,
543 758 628 818 simul
643 766 672 817 et
688 757 763 817 anuli
778 774 877 818 curam
892 758 1039 820 habuisse.

517 995 736 1006 --..-.-.---.--

361 1138 587 1273 LIBER
639 1198 882 1271 XXXXIHI.

127 1423 142 1474 1
220 1415 245 1472 1.
267 1379 409 1492 Hispania
425 1416 508 1475 sicuti
526 1414 663 1494 Europae
679 1416 816 1475 terminos
830 1415 947 1490 claudit,
965 1415 1005 1473 ita
1021 1423 1050 1474 et
1063 1414 1149 1474 huius

126 1498 326 1574 aoperislinis
334 1497 427 1557 lutura
436 1507 491 1557 est.
507 1497 711 1559 llancveteres
719 1498 754 1558 ab
762 1498 848 1559 Ibero
860 1514 944 1557 amne
956 1496 1146 1576 primumlbe·

126 1581 240 1655 iriam,
256 1591 358 1658 postea
376 1581 411 1640 ab
427 1581 555 1658 Hispano
575 1581 740 1660 Hispaniam
758 1583 1043 1659 cognominaverunt.
1066 1579 1147 1640 llaec

155 1662 362 1723 interdicicam
376 1674 404 1723 et
417 1664 537 1723 Galliam
550 1665 643 1742 posita
657 1665 760 1724 oceani
769 1664 844 1724 ireto
857 1671 886 1724 et
897 1664 1054 1738 Pyrenaeis
1065 1678 1145 1721 moa-

154 1744 230 1803 tibus
243 1746 392 1806 clauditur.
405 1747 486 1806 Sicut
496 1748 589 1806 minor
600 1756 722 1826 utraque
733 1756 819 1824 terra,
833 1749 870 1806 ita
882 1746 1144 1824 utraqueiertilior.

124 1826 225 1891 dNam
237 1847 332 1907 neque
349 1839 380 1889 ut
394 1829 494 1890 Africa
508 1831 639 1889 violento
656 1830 720 1890 sole
736 1839 872 1904 torretur,
890 1847 986 1907 neque
1004 1838 1035 1888 ut
1050 1827 1143 1888 Gallia

154 1912 279 1971 adsiduis
295 1912 389 1972 ventis
400 1912 545 1991 fatigatur,
562 1914 616 1973 scd
633 1914 726 1974 media
737 1916 813 1973 iuter
825 1923 974 1991 utramque
992 1912 1058 1972 lniuc
1073 1920 1144 1970 tem-

154 1999 257 2072 perato
274 1997 392 2071 calore,
407 1997 473 2058 inde
488 1997 625 2056 lelicibus
640 2007 670 2059 et
685 1999 867 2076 tempestiuis
883 1996 1022 2056 imbribus
1038 1996 1066 2055 in
1082 2013 1142 2054 orn·

154 2078 199 2137 uia
223 2079 335 2156 frugum
358 2097 469 2156 genera
490 2081 614 2140 iocunda
636 2090 698 2141 est:
721 2081 797 2141 adeo
815 2089 846 2139 ut
867 2097 925 2139 uon
945 2079 1016 2157 ipsis
1038 2087 1145 2138 tautum

154 2161 273 2236 incolis,
299 2180 399 2222 verum
424 2164 510 2222 etiam
536 2163 636 2224 ltaliae
662 2163 784 2242 urbique
807 2163 953 2223 Romanae
979 2170 1145 2222 cunctarum

128 2255 250 2307 suerum
265 2244 438 2306 abnndantia
459 2246 593 2312 suiliciat.
628 2247 701 2306 Hinc
724 2248 798 2310 euim
815 2246 1022 2306 nonlrumeuti
1038 2254 1143 2304 mutum

154 2344 256 2402 magna
277 2329 361 2406 copia
376 2339 436 2403 est,
462 2347 561 2389 uerum
578 2331 696 2408 etvini,
718 2331 812 2391 mellis
834 2330 952 2407 oleique
978 2330 1047 2406 {nec
1072 2328 1143 2387 ferri

155 2408 247 2468 sulum
263 2412 382 2470 materia
399 2414 567 2491 praecipua,
583 2414 649 2492 sed}
666 2422 696 2472 et
707 2431 848 2490 equorum
865 2414 1000 2490 pernices
1016 2429 1142 2488 greges:

125 2503 142 2557 6
154 2492 207 2551 sed
224 2510 279 2552 nec
293 2511 419 2555 summas
436 2504 542 2555 tantum
554 2503 651 2556 terrae
667 2495 808 2556 laudanda
823 2496 910 2570 bona,
924 2503 1065 2554 verumet
1077 2493 1142 2554 alts-

153 2585 297 2638 iratorum
326 2578 506 2639 metallorum
534 2578 639 2639 felices
661 2580 786 2639 diuitiae.
833 2579 893 2638 lam
919 2579 968 2639 lini
993 2580 1141 2655 sparsique

126 2666 143 2721 i
153 2661 197 2716 vis
218 2660 334 2737 ingens:
356 2663 433 2720 minii
454 2670 534 2721 certe
553 2662 631 2722 nulla
651 2662 779 2723 feracior
793 2671 881 2722 terra
921 2662 953 2721 lu
969 2661 1024 2726 hac
1041 2678 1142 2719 cursus

154 2744 273 2840 amnium
296 2760 354 2802 non
375 2752 521 2812 torrentes
542 2746 711 2823 rapidique,
732 2756 763 2805 ut
783 2754 925 2821 noceant,
943 2744 996 2804 sed
1013 2742 1097 2803 lenes
1113 2751 1143 2802 et

153 2826 245 2885 vineis
268 2829 434 2905 campisque
454 2829 624 2905 inrigui,a
607 2830 760 2889 aestuariis
787 2845 904 2914 quoque
932 2828 1035 2887 oceani
1063 2825 1141 2885 adias·

142 2909 201 2969 ¹tim
221 2911 347 2988 piscosi,
374 2911 506 2989 plerique
525 2912 611 2972 etiam
634 2901 975 2990 diuitesauro,quod1n
990 2908 1142 2969 balucibus

122 2992 267 3055 avolum.
293 2992 357 3070 Uno
370 3002 478 3054 tantum
490 2995 633 3069 Pyrenaei
646 2996 750 3055 montis
763 2996 851 3055 dorso
867 2994 1006 3054 adhaeret
1018 2991 1140 3066 Galliae,

123 3075 271 3154 9reliquis
299 3063 430 3154 partibus
453 3079 608 3156 undique
600 3095 629 3136 m
651 3077 752 3137 orbem
772 3080 843 3138 mari
869 3079 1002 3154 cingitur.
1036 3074 1140 3135 Forma

151 3166 248 3219 terrac
271 3176 365 3238 prope
387 3161 542 3238 quadrata,
567 3161 621 3220 nisi
642 3162 720 3239 qnod
741 3161 902 3221 artantibus
924 3159 991 3220 lreti
1006 3157 1139 3218 litoribus

151 3242 179 3298 iu
194 3242 375 3316 Pyrenaeum
392 3244 459 3303 coit.
487 3244 578 3303 Porro
589 3244 731 3318 Pyrenaei
744 3245 848 3303 montis
860 3244 1005 3321 spatium
1000 3248 1140 3301 sexcenta

109 3324 230 3384 lotnllia
251 3343 386 3401 passuum
411 3326 509 3386 eflicit.
550 3326 711 3388 Salubritas
736 3327 812 3387 caeli
833 3345 887 3404 per
909 3344 1023 3385 omnem
1037 3322 1145 3412 Hispa·

149 3405 224 3463 niam
246 3408 392 3482 aequalis,
414 3409 481 3485 qnia
503 3412 580 3469 aeris
596 3409 714 3489 spiritus
735 3409 813 3471 nulla
829 3408 979 3488 paludium
988 3408 1074 3485 gravi
1090 3425 1141 3467 ne·
1219 3483 1220 3488 η
