2442 3975
504 250 613 300 ‘rnoffl
625 251 757 299 POMPEI

449 506 806 599 4ιιιιΕιιιιιι.

94 771 109 822 l
188 762 216 820 1
232 725 367 820 Siciliam
389 758 485 818 ierunt
506 760 636 835 angustis
657 759 799 837 quondam
814 760 945 820 lancibus
958 759 1060 822 Italiae
1081 762 1128 822 ad·

125 844 258 903 haesisse
274 843 503 920 diremptamque
515 843 594 902 velut
610 860 627 902 a
643 850 768 920 corpore
784 844 892 903 maiore
909 845 1017 923 impetu
1031 847 1130 925 superi

93 929 228 1004 amaris,
253 925 330 1005 quod
350 934 412 985 toto
434 926 572 985 undarum
592 943 682 984 onere
705 924 773 984 illuc
794 926 916 985 vehitur.
967 926 1021 987 Est
1036 938 1129 988 autem

127 1021 205 1070 terra
219 1010 330 1091 ipsa
298 1009 391 1068 tenuis
411 1028 445 1069 ac
463 1009 576 1086 fragilis
595 1018 624 1067 et
637 1010 770 1068 cavernis
787 1009 955 1088 quibusdam
969 1011 1129 1089 fistulisque

96 1096 167 1157 31ta
185 1092 384 1171 penetrabilis,
398 1102 429 1151 ut
444 1101 594 1152 ventorum
610 1098 670 1165 tota
691 1088 781 1151 ferme
804 1092 918 1155 flatibus
926 1101 1050 1191 'pateam
1073 1114 1129 1154 neo

127 1195 186 1236 non
204 1186 233 1236 et
246 1176 361 1274 ignibus
376 1175 552 1252 generandis
568 1160 783 1259 nutriendisque
805 1177 884 1236 soli
876 1178 968 1254 ipsius
990 1179 1129 1237 naturalis

127 1261 263 1319 materia:
282 1260 391 1337 quippe
406 1259 581 1318 intrinsecus
597 1265 716 1318 stratum
731 1258 868 1337 sulphure
882 1268 911 1318 et
923 1259 1059 1320 bitumine
1071 1270 1128 1320 tra·

55 1340 57 1343 ’
95 1354 113 1404 t
128 1343 216 1402 ditur
235 1360 373 1419 quaeres
390 1341 471 1415 lacit,
488 1350 518 1400 ut
536 1342 639 1420 spiritu
658 1360 720 1401 cum
737 1342 806 1418 igne
821 1344 849 1402 in
867 1344 985 1404 materia
1002 1344 1129 1404 luctante

128 1426 298 1502 frequenter
308 1432 343 1482 et
366 1423 555 1501 conpluribus
568 1424 642 1483 locis
655 1443 728 1484 nunc
741 1426 878 1502 flammas,
893 1445 967 1485 nunc
978 1445 1128 1506 vaporem,

97 1522 203 1571 annno
219 1507 324 1566 fumum
345 1514 468 1565 eructet.
509 1505 595 1585 [Inde
619 1507 742 1606 denique
758 1509 871 1569 Aetnae
891 1511 995 1571 montis
1016 1528 1070 1588 per
1086 1519 1129 1570 tot

97 1589 247 1655 osaeeula
259 1589 342 1650 durat
353 1589 525 1648 incendium.
528 1591 539 1667 l
556 1587 594 1649 Et
603 1589 651 1650 ubi
663 1593 758 1651 aerior
770 1612 825 1671 per
838 1594 1013 1671 spiramenta
1028 1611 1127 1652 caver·
1186 1650 1188 1656 .

95 1684 112 1738 7
128 1692 227 1734 ιιιιιιιιι
241 1683 344 1733 ventus
358 1671 496 1748 incubuit
515 1673 686 1734 harenarum
701 1674 795 1735 moles
816 1685 983 1752 egeruntur.
1026 1675 1127 1736 Proxi-

127 1776 202 1817 mum
217 1756 317 1817 ltaliae
331 1759 556 1835 promuntorium
579 1753 704 1831 Regium
729 1759 840 1836 dicitur,
856 1760 922 1819 ideo
937 1763 1001 1844 quia
1015 1756 1127 1820 Graece

95 1852 114 1904 8
122 1830 270 1918 abrupta’
287 1839 344 1899 hoc
360 1842 476 1900 nomine
492 1844 718 1940 pronuntiantur.
747 1841 811 1901 Nec
826 1845 937 1919 mirum,
954 1862 977 1902 si
972 1843 1128 1927 fabulosa

95 1935 113 1987 9
129 1933 173 1984 est
191 1924 250 1983 loci
265 1923 347 1983 lruius
348 1925 553 2003 antiquitas,
545 1944 573 1984 m
589 1942 674 2004 quem
690 1944 739 1984 res
755 1929 800 1985 tot
821 1928 920 1985 coiere
942 1927 1046 1985 mirae:
1069 1922 1127 2005 pri·

127 2027 202 2070 mum
223 2008 300 2087 quod
317 2026 455 2086 nusquam
474 2009 559 2069 latius
577 2018 693 2069 torrens
709 2009 828 2085 fretum,
850 2027 905 2067 nec
922 2008 1015 2068 solum
1040 2010 1127 2068 citato
1160 2071 1167 2074 ,

127 2094 245 2171 impetu,
258 2110 357 2151 rerum
374 2093 459 2151 etiam
481 2109 585 2161 saevo;
610 2110 706 2169 neque
728 2090 943 2171 experientibus
964 2092 1051 2152 mode
1070 2103 1128 2152 ter·

86 2174 229 2252 loribile‚
248 2176 448 2235 verumetiam
468 2176 572 2253 procul
594 2174 763 2235 visentibus.
814 2174 961 2236 Undarum
988 2193 1079 2254 porro
1100 2178 1128 2235 in

46 2287 49 2302 ι
107 2289 109 2293 ·
128 2260 410 2318 se'coneurrentium
429 2267 505 2319 tanta
520 2277 617 2338 pugna
633 2266 687 2335 est,
704 2267 734 2318 ut
749 2257 820 2317 alias
840 2258 929 2317 veluti
953 2268 1036 2337 terga
1060 2260 1127 2319 dan·

127 2350 173 2400 tes
189 2340 317 2399 inimum
333 2341 483 2417 desidere,
504 2342 576 2402 alias
597 2343 679 2420 quasi
700 2343 838 2408 victrices
861 2343 890 2400 in
912 2341 1033 2402 sublime
1055 2343 1127 2402 ferri
1199 2378 1201 2383 ·

128 2423 244 2493 videas3
259 2441 335 2482 nunc
349 2423 397 2484 hic
413 2425 556 2484 lremitum
571 2426 717 2486 ferventis
731 2435 846 2500 aestus,
864 2444 939 2485 nuno
953 2425 1013 2485 illio
1036 2426 1127 2502 gemi-

86 2519 119 2570 11
128 2516 186 2566 tum
201 2506 230 2565 in
244 2508 413 2584 voraginem
430 2507 588 2568 desidentis
611 2509 760 2569 exaudias.
804 2509 959 2568 Accedunt
984 2508 1072 2568 vicini
1099 2517 1128 2568 et

128 2591 264 2669 perpetui
281 2591 395 2651 Aetnae
410 2593 515 2650 montis
530 2593 615 2669 ignes
631 2602 660 2652 et
680 2592 835 2653 insularum
850 2592 1016 2669 Aeolidum,
1031 2592 1127 2651 'veluti

84 2674 199 2753 ltipsis
216 2675 244 2733 in
260 2672 343 2734 undis
360 2674 453 2734 alatur
466 2676 644 2737 incendium:
661 2694 755 2754 neque
777 2677 852 2735 enim
869 2676 898 2734 in
918 2684 976 2736 tam
997 2676 1128 2753 angustis

126 2759 257 2818 terminis
271 2758 355 2837 aliter
373 2757 477 2817 durare
491 2767 534 2817 tot
546 2760 670 2820 saeculis
686 2761 779 2819 tantus
797 2759 873 2836 ignis
894 2761 1053 2836 potuisset,
1074 2758 1128 2818 nisi

82 2840 254 2907 13bumoris
275 2842 454 2902 nutrimentis
475 2842 612 2903 aleretur.
655 2842 729 2902 Hinc
755 2842 843 2919 igitur
863 2841 979 2902 fabulae
1001 2842 1128 2917 Scyllam

128 2934 158 2985 et
174 2924 339 3001 Charybdin
358 2942 518 3005 peperere:
544 2926 611 2986 hinc
632 2925 751 2986 latratus
772 2924 898 2995 auditus;
919 2923 986 2983 hinc
1007 2924 1128 2983 monstri

129 3009 239 3069 credita
254 3008 417 3085 simulacra,
434 3008 500 3068 dum
518 3010 690 3086 navigantes
712 3009 824 3085 magnis
845 3006 1004 3077 verticibus
1028 3005 1128 3084 pelagi

128 3092 287 3152 desidentis
314 3092 445 3151 exterriti
470 3091 578 3151 latrare
608 3100 709 3171 putant
737 3091 844 3166 undas,
881 3107 953 3167 quas
981 3089 1130 3150 sorbentis

83 3183 223 3239 maestus
244 3192 357 3251 vorago
382 3173 511 3235 conlidit.
555 3175 667 3235 Eadem
689 3192 776 3235 causa
794 3175 879 3233 etiam
893 3172 1007 3232 Aetnae
1020 3175 1130 3232 montis

83 3267 289 3338 ltperpetuos
305 3259 390 3335 ignes
409 3259 490 3318 lacit
533 3258 606 3318 Nam
625 3276 762 3338 aquarum
776 3257 826 3317 ille
844 3273 1002 3316 concursus
1016 3266 1128 3335 raptum

129 3360 226 3400 secum
246 3342 405 3418 spiritum
397 3361 426 3401 m
446 3343 530 3401 imum
550 3341 667 3401 fundum
689 3342 775 3401 trahit
794 3348 882 3418 atque
902 3338 941 3399 ibi
956 3340 1128 3399 suffocatum

128 3432 184 3481 tam
196 3423 242 3481 diu
254 3432 345 3497 tenet,
358 3423 452 3483 donec
465 3442 519 3521 per
531 3428 706 3504 spiramenta
716 3434 813 3484 terrae
826 3422 945 3482 diffusus
957 3424 1128 3489 nutrimenta

84 3505 205 3580 laignio
227 3503 370 3563 incendat.
414 3506 501 3565 lam
492 3525 555 3585 ipsa
576 3506 678 3568 Italiae
699 3506 876 3584 Siciliaeque
899 3506 1047 3583 vicinitas,
1069 3507 1128 3588 iam
1164 3560 1166 3564 ,
