2442 3975
153 200 207 290 86!
524 195 776 255 unooreonenr
901 221 906 231 ·
976 196 1145 252 xmo-12

124 364 194 431 sibi
221 362 326 421 multae
356 362 488 421 devictae
515 369 619 436 gentes
643 359 811 437 praefectos
833 376 903 418 suos
924 369 1144 435 accusaverunt,

152 464 227 525 quos
243 447 304 503 sinc
320 453 457 522 respectu
473 443 614 502 amicitiae
628 442 818 504 Alexander
810 460 838 500 in
853 450 1013 541 conspectu
1028 442 1144 518 legato·

122 541 213 594 orum
233 530 332 587 necari
352 529 443 586 iussit
474 525 574 590 Filiam
593 525 749 602 posthaec
772 524 861 583 Darei
876 527 954 601 regis
970 526 1125 583 Statiram
1117 543 1146 583 in

113 612 359 677 lomatrimonium
373 609 500 685 recepit:
532 608 583 666 sed
600 616 630 666 et
652 608 836 706 optimatibus
852 606 1040 666 Macedonum
1054 608 1145 666 lectas
1176 643 1179 650 ,

154 712 191 753 ex
207 693 337 752 omm'bus
355 691 489 788 pentibus
508 689 703 749 nobilissimas
718 692 846 767 virgines
861 691 991 765 tradidit,
1014 699 1046 748 ut
1067 706 1144 774 com·

152 779 228 871 muni
244 777 320 835 facto
339 775 445 834 crimen
460 776 539 849 regis
554 773 709 833 levaretur.

126 871 141 922 1
182 862 266 918 11.
289 856 361 916 Hinc
384 858 420 915 ad
442 859 604 916 contionem
622 857 772 919 exercitus
796 859 882 913 vo'oat
906 864 935 912 et
957 855 1095 932 promittit
1112 871 1145 912 se

153 958 204 1000 aes
220 940 343 1004 alienum
357 942 478 998 omnium
495 940 613 1017 propria
626 941 747 1015 inpensa
767 938 941 1011 soluturum,
958 947 988 995 ut
1009 937 1147 1014 praedam

124 1023 339 1100 ipraemiaque
349 1022 465 1098 integra
481 1023 581 1081 domos
599 1022 701 1081 ierant
728 1020 852 1096 Insignis
868 1020 941 1078 bace
955 1019 1147 1078 munificentia

153 1122 210 1163 non
225 1122 332 1163 summa
347 1112 467 1177 tantum,
479 1112 578 1163 verum
595 1107 679 1163 etiam
695 1103 776 1162 titulo
788 1105 913 1161 muneris
930 1102 983 1160 fuit
996 1120 1052 1160 nec
1067 1119 1083 1160 a
1096 1101 1146 1160 de·

153 1188 293 1246 bitoribus
314 1188 406 1261 magis
436 1204 528 1266 quam
549 1185 741 1245 oreditoribus
766 1185 875 1260 gratius
904 1194 1044 1262 excepta,
1075 1201 1146 1260 ιιιιο-

128 1272 226 1333 aniam
247 1270 377 1344 utrisque
395 1270 509 1326 exactio
534 1270 642 1343 pariter
663 1286 696 1326 ao
720 1267 825 1325 solutio
847 1265 972 1326 diflicilia
989 1275 1060 1323 erat
1092 1265 1149 1324 XX

116 1351 229 1420 4milia
246 1350 407 1407 talentum'
400 1367 427 1406 m
446 1349 499 1407 lros
523 1357 652 1426 sumptus
672 1366 809 1426 expensa
843 1348 976 1406 Dimissis
999 1351 1147 1412 veteranis

91 1432 311 1501 -,5exercitum
328 1430 485 1489 iunioribus
496 1431 627 1528 'supplet
657 1432 715 1490 Sed
739 1432 843 1489 retenti
865 1440 1068 1489 veteranorum
1089 1431 1147 1490 dis-

153 1525 267 1573 bessum
284 1513 518 1589 aegreferentes
536 1515 701 1572 missionem
723 1524 751 1573 et
764 1516 819 1590 ipsi
812 1513 1000 1589 'flagitabant
1021 1532 1076 1572 nco
1098 1532 1146 1572 an·

153 1615 223 1671 nos,
241 1598 293 1656 sed
308 1597 452 1673 stipendia
467 1615 517 1656 sua
532 1599 675 1655 numerari
690 1596 840 1672 iubebant,
859 1598 967 1673 pariter
981 1597 1009 1654 in
1020 1596 1147 1655 militiam

124 1642 245 1744 (ilcetos
266 1682 375 1758 pariter
384 1689 571 1739 sacramento
592 1679 667 1738 solvi
685 1697 807 1756 aequum
821 1688 990 1738 censentes.
1019 1696 1074 1738 neo
1091 1679 1147 1736 iam

101 1770 110 1787 ⁰
154 1763 310 1840 precibus,
336 1763 386 1820 sed
409 1764 534 1822 convitio
561 1762 702 1838 agebant,
729 1762 860 1821 iubentes
882 1779 945 1821 eum
967 1761 1060 1820 solum
1083 1779 1148 1820 cum

154 1854 235 1923 patre
260 1862 312 1904 sno
335 1844 501 1905 Ammona
493 1848 565 1904 inire
587 1845 681 1920 bella,
705 1854 844 1922 quatenus
858 1844 963 1903 milites
981 1860 1049 1902 suos
1066 1844 1146 1902 iasti-

125 1930 221 1993 7dlat.
254 1925 360 1986 Contra
376 1927 426 1986 ille
442 1946 516 1989 nuno
533 1930 675 2004 castigare
691 1929 813 2002 milites,
831 1945 905 1985 nnnc
921 1926 1034 1985 lenibus
1048 1926 1147 1985 verbis

127 2015 288 2085 amouere,
310 2029 346 2069 ne
366 2010 524 2087 gloriosam
541 2012 665 2071 militiam
684 2010 872 2069 seditionibus
887 2010 1070 2068 infuscarent.
1099 2008 1148 2068 lld

153 2104 330 2172 postremum
346 2112 409 2152 cum
423 2095 522 2154 verbis
531 2095 602 2161 nihil
619 2095 790 2171 proliceret,
806 2093 841 2152 ad
855 2092 1054 2173 corripiendos
1070 2092 1146 2150 sedi-

151 2176 236 2236 tionis
250 2186 386 2235 auctores
396 2191 417 2235 ἰι
433 2177 565 2236 tribunali
581 2177 608 2234 in
624 2178 787 2236 contionem
802 2186 937 2235 armatam
951 2176 1067 2233 inermis
1083 2176 1147 2251 ipse

153 2259 268 2319 desiluit
290 2268 319 2318 et
340 2261 451 2317 nemine
472 2257 644 2336 prohibente
664 2259 802 2318 tredecim
822 2267 973 2335 correptos
997 2275 1079 2316 manu
1096 2275 1147 2315 sua

123 2343 216 2439 bipse
238 2342 273 2400 ad
295 2341 468 2418 supplicium
477 2343 571 2401 duxit.
603 2342 721 2401 Tantam
737 2342 785 2400 vel
807 2341 870 2399 illis
879 2341 1019 2399 moriendi
1037 2342 1146 2417 patien

152 2425 220 2483 tiam
235 2433 328 2481 metus
343 2426 423 2499 regis
436 2424 484 2482 vel
498 2424 564 2483 huic
581 2425 714 2515 exigendi
733 2424 868 2503 supplicii
888 2424 1076 2482 constantiam
1091 2422 1147 2481 dis-

152 2505 258 2582 cipline
274 2503 405 2564 militaris
421 2507 515 2587 dabat.

123 2597 139 2651 1
218 2589 264 2647 12.
286 2587 355 2648 lnde
379 2590 533 2667 separatim
555 2587 662 2648 auxilia
688 2589 868 2649 Persarum'
861 2607 888 2647 ιιι
909 2591 1044 2649 contione
1067 2587 1147 2648 adlo-

124 2656 258 2749 aquitur
283 2670 391 2731 Laudat
411 2681 579 2771 perpetuam
599 2672 712 2731 illorum
733 2690 795 2731 curn
806 2674 834 2731 in
849 2691 882 2732 se
897 2682 955 2732 tum
968 2674 995 2731 in
1011 2672 1149 2750 pristinos

152 2771 241 2829 reges
261 2754 361 2839 lidem;
390 2772 441 2814 sua
462 2757 490 2814 in
513 2754 579 2813 illos
600 2755 743 2815 beneficia
764 2746 983 2815 commemorat:
1014 2764 1044 2813 ut
1069 2772 1147 2814 num·
1163 2748 1166 2755 ’

152 2853 237 2915 quarn
265 2833 347 2914 quasi
366 2828 485 2911 victos,
512 2838 565 2897 sed
594 2839 684 2898 veluti
707 2840 847 2898 victoriae
876 2842 974 2898 socios
999 2837 1148 2900 habuerit·

151 2920 276 2998 denique
295 2939 327 2978 se
343 2921 370 2978 in
385 2920 514 2993 illorum,
536 2938 594 2979 nou
609 2921 699 2980 illos
691 2941 719 2980 in
733 2924 828 2998 gentis
842 2940 913 2981 suae
931 2926 1040 2979 morem
1055 2929 1149 2978 trans·

149 3003 222 3071 isse;
256 3002 449 3079 adfinitatibus
470 3004 659 3063 conubiorum
685 3006 779 3064 victos
799 3004 958 3064 victoribus
985 3003 1148 3061 miscuisse.

122 3082 233 3148 illlunc
255 3085 372 3163 qubque
399 3088 437 3146 ait
458 3088 617 3147 custodiam
641 3089 774 3166 corporis
797 3089 841 3146 sui
863 3103 921 3145 non
939 3084 1150 3144 Macedonibus

123 3172 258 3227 ltantum
275 3186 325 3244 se,
344 3187 443 3228 verum
460 3178 488 3229 et
502 3170 560 3229 illis
577 3171 760 3230 crediturum
788 3171 884 3248 Atque
899 3170 938 3230 ita
956 3168 1036 3227 mille
1051 3186 1089 3226 ex
1103 3166 1149 3226 his

150 3250 271 3309 iuvenes
284 3253 469 3311 innumerum
485 3253 639 3313 satellitum
654 3255 725 3330 legit
738 3254 969 3351 auxiliorumque
983 3251 1149 3329 portionem

150 3332 331 3391 formatam
323 3353 350 3392 in
372 3335 552 3413 disciplinam
574 3335 764 3396 Macedonum
787 3338 931 3397 exercitui
959 3353 1012 3394 suo
1033 3335 1148 3393 miscet.

123 3410 243 3485 SQuam
257 3433 319 3477 rem
334 3434 423 3504 aegre
438 3417 616 3478 Macedones
630 3419 773 3495 tulerunt,
792 3420 934 3480 iactantes
956 3418 1057 3478 hostes
1077 3432 1149 3477 suos
