2442 3975
79 195 221 282 xnus
424 209 620 260 susurrari..
632 212 723 260 srrr.
1037 205 1076 268 81

79 367 188 419 statuta
204 368 233 419 et
248 362 434 421 instrumenta
449 379 591 422 armorum
611 381 809 443 equorumque
830 368 980 429 iuvenibus
999 370 1077 447 data,

81 451 113 501 et
129 443 258 521 patribus
276 460 330 521 pro
345 461 462 503 numero
478 445 600 505 liliorum
616 450 744 525 praemia
764 457 878 509 statuta.
909 453 941 511 Si
957 463 1106 531 quorum9

79 535 180 602 patres
192 526 378 602 occidissent,
391 527 480 586 nihilo
492 530 583 587 minus
593 531 696 608 pnpilli
706 531 848 609 stipendia
860 542 971 612 patrum
981 535 1076 594 trahe·

79 605 165 666 bant:
198 626 317 686 quorum
333 611 550 687 pueritia‘inter
564 614 659 673 varias
672 615 875 692 expeditiones
889 617 988 676 militia
1003 611 1075 677 erat.

79 688 183 768 ltaque
209 693 366 769 aparvula
387 701 483 752 aetate
504 693 654 754 laboribus
675 698 871 775 periculisque
895 699 1016 758 indurati
1035 701 1118 764 in-lo

80 774 176 832 victus
193 776 339 834 exercitus
353 776 452 850 inere,
469 794 566 853 neque
582 778 667 837 aliter
683 789 778 839 castra
792 796 876 858 quam
892 784 1011 858 patriam
1025 798 1076 839 ne-

1 906 4 912 .
79 873 139 932 que
160 874 283 933 pugnam
304 858 380 917 aliud
399 876 531 935 umquam
555 877 640 937 quam
664 861 814 921 victoriam
840 864 960 923 duxere.
996 862 1116 928 Haecll

79 937 203 996 suboles
218 956 322 998 nomen
334 940 433 1001 habuit
447 941 583 1018 Epigoni.

145 1019 257 1078 Parthis
274 1021 376 1081 deinde
397 1022 509 1081 domitis
530 1025 698 1101 praefectus
718 1027 762 1085 his
784 1030 914 1087 statuitur
937 1048 975 1100 ex
994 1028 1117 1091 nobi-rr

78 1101 157 1160 libus
169 1101 320 1161 Persarum
336 1104 537 1181 Andragoras:
552 1107 619 1166 iude
635 1118 740 1185 postea
755 1112 895 1186 originem
906 1110 1074 1170 Parthorum

77 1202 169 1260 reges
184 1183 322 1243 habuere.
1032 1252 1036 1257 ,

144 1268 172 1325 5.
194 1266 308 1327 interea
325 1278 354 1328 et
369 1269 537 1349 Alexander
549 1287 605 1330 non
621 1274 721 1350 regio,
743 1274 796 1334 sed
811 1275 909 1335 hostili
924 1277 991 1335 odio
1007 1286 1100 1336 sae-1

79 1349 142 1406 vire
157 1350 184 1407 in
201 1366 269 1408 suos
284 1354 390 1429 coepit.
421 1351 544 1413 Maxime
565 1354 764 1433 indignabatur
785 1360 864 1436 carpi
882 1376 915 1417 se
933 1358 1101 1418 sermoni-2

79 1432 134 1490 bus
158 1450 274 1491 suorum
296 1432 420 1512 Philippi
443 1437 532 1512 patris
560 1441 730 1516 patriaeque
757 1456 854 1499 mores
881 1440 1071 1500 subvertisse.

78 1514 203 1594 Propter
215 1533 289 1595 quae
302 1519 418 1576 crimina
431 1518 600 1578 Parmenion
609 1538 726 1598 quoque
735 1543 842 1598 senex,
851 1522 988 1597 dignitate
1006 1522 1070 1596 regi
1082 1532 1099 1584 3

79 1600 242 1676 proximus,
261 1617 323 1657 cum
337 1598 448 1659 Philota
464 1600 542 1674 lilio,
567 1600 604 1659 de
621 1610 744 1679 utroque
759 1604 838 1679 prins
856 1603 1071 1686 quaestiouibus

79 1682 201 1757 habitis,
218 1683 395 1740 interficitur.
424 1680 562 1760 Fremere
577 1683 674 1759 itaque
690 1700 790 1742 omnes
805 1686 949 1745 universis
968 1686 1101 1747 castris4

80 1782 209 1843 coepere
226 1764 332 1822 innoxii
349 1764 426 1821 senis
440 1763 549 1840 iiliique
566 1780 663 1822 casnm
678 1767 864 1840 miserantes,
880 1768 1022 1826 interdum
1038 1784 1070 1825 se

81 1866 196 1925 quoque
207 1855 267 1904 ‘non
283 1846 391 1905 debere
407 1845 510 1904 melius
525 1862 646 1922 sperare
660 1846 800 1906 dicentes.
825 1848 906 1920 Quae
923 1866 987 1922 cum
1003 1855 1100 1907 nun-b
1131 1853 1140 1874 ⁹

79 1932 147 1990 tiata
163 1929 329 1991 Alexandro
348 1937 459 2004 essent,
477 1945 582 1986 verens
599 1946 636 1987 ue
648 1929 723 1989 hsec
740 1930 837 2008 opinio
856 1932 942 1989 etiam
964 1932 992 1987 in
1012 1923 1070 1989 ita-

80 2015 228 2074 ccdoniam
254 2013 451 2090 divulgaretur
472 2021 502 2070 et
521 2012 661 2091 victoriae
682 2013 776 2088 gloria
796 2013 938 2095 saevitiae
958 2011 1072 2072 macula

79 2097 288 2171 infamaretur,
306 2096 418 2154 simulat
432 2113 465 2154 se
481 2113 518 2153 ex
535 2095 634 2153 amicis
650 2096 789 2171 quosdam
803 2096 832 2154 in
845 2095 963 2172 patriam
979 2096 1070 2153 victo·

79 2182 139 2241 riae
154 2181 267 2240 nuntios
282 2180 442 2248 missurum.
471 2171 607 2237 Hortatur
625 2178 730 2237 milites
746 2179 805 2236 suis
824 2176 965 2251 scribere,
981 2177 1100 2239 reric-6

79 2281 139 2322 rem
153 2263 301 2323 habituros
318 2262 502 2321 occasionem
519 2259 640 2338 propter
657 2262 842 2319 remotiorem
856 2259 991 2318 militiam.
1014 2256 1099 2341 lla-t

80 2355 125 2405 tos
142 2336 238 2406 fasces
254 2345 440 2424 epistularum
455 2345 542 2402 tacite
563 2342 599 2401 ad
616 2362 648 2402 se
666 2342 774 2402 deferri
790 2342 882 2409 iubet;
914 2359 951 2400 ex
967 2339 1070 2418 quibus
1082 2351 1106 2423 8Ι

80 2432 195 2504 cognito
215 2430 251 2488 de
266 2448 299 2488 se
315 2428 492 2503 singulorum
507 2427 613 2486 iudicio
628 2429 657 2484 in
668 2443 752 2486 unam
768 2425 919 2485 cohortem
936 2442 1005 2502 eos,
1023 2424 1072 2502 qui

80 2511 115 2571 de
131 2530 202 2588 rege
218 2513 313 2570 durius
331 2512 438 2588 opinati
454 2511 582 2583 inerant,
600 2509 770 2587 contribuit,
786 2519 834 2568 aut
850 2515 1070 2586 consumpturus

80 2612 133 2652 eos
149 2603 196 2653 aut
210 2595 239 2651 in
252 2594 357 2652 ultimis
371 2595 457 2652 terris
471 2596 499 2651 in
517 2593 648 2672 colonias
665 2591 876 2652 distributurus.

142 2673 212 2732 lnde
239 2673 385 2749 Drancas,
411 2675 575 2750 Euergetas
620 2673 781 2748 Paruetas‚
814 2672 1096 2750 Parapamesadas‚9

80 2757 167 2818 Arios
184 2765 356 2833 ceterosque
372 2757 512 2835 populos,
537 2758 633 2835 quiin
654 2757 752 2817 radice
777 2754 901 2819 Caucasi
921 2753 1071 2813 moraban-

80 2850 141 2914 tur,
164 2838 287 2914 subegit.
322 2837 436 2901 Interea
456 2858 527 2898 unus
549 2859 586 2899 ex
608 2841 706 2898 amicis
725 2839 814 2898 Darei
834 2838 942 2896 Bessus
960 2837 1073 2894 vinctas
1081 2844 1115 2895 10

81 2921 261 3005 perducitur,
279 2923 326 2999 qui
342 2939 441 2997 regem
457 2916 513 2980 non
528 2924 621 2982 solum
636 2921 819 3000 prodiderat,
832 2937 931 2978 verum
942 2926 971 2976 et
985 2918 1072 2975 inter·

79 3010 201 3072 fecerat,
227 3002 318 3078 Quem
332 3006 361 3064 in
375 3006 511 3065 ultionem
529 3006 668 3084 perfidiae
685 3002 907 3064 excruciandum
921 2998 1002 3058 fratri
1017 2996 1113 3059 Da·ll

80 3094 123 3152 rei
143 3088 274 3163 tradidit,
301 3093 517 3167 reputaus'non
539 3098 595 3159 tam
610 3090 725 3148 hostem
745 3104 825 3145 suum
843 3085 932 3143 luisse
946 3081 1073 3140 Dareum

82 3193 164 3252 quam
177 3173 298 3233 amicum
314 3175 375 3231 eius
398 3190 414 3231 a
430 3189 486 3251 quo
503 3182 583 3231 esset
599 3173 724 3232 occisus.
753 3169 791 3228 Et
805 3176 835 3226 ut
853 3166 897 3224 his
913 3164 998 3224 terris
1023 3178 1074 3220 no·
1082 3169 1116 3223 12

81 3276 144 3317 men
159 3256 353 3332 relinqueret,
376 3256 476 3315 urbem
492 3255 704 3315 Alexandream
721 3270 809 3330 super
829 3265 940 3309 amnem
957 3244 1074 3309 Tanaim

84 3339 223 3412 condidit,
241 3339 314 3397 intra
327 3338 401 3398 diem
413 3339 565 3415 septimum
579 3337 719 3397 decimum
729 3352 809 3394 muro
822 3351 876 3392 sex
889 3330 995 3403 milium
1008 3344 1074 3405 pas·

80 3440 159 3484 suum
173 3431 387 3498 consummato,
405 3421 551 3482 translatis
563 3430 670 3482 'earum‘
680 3419 835 3478 civitatium
849 3413 985 3558 populis,
1003 3425 1075 3490 quas

19 3564 24 3573 ,
122 3523 280 3567 1usr1uus.
950 3559 952 3562 ,
1050 3568 1052 3571 .
