2442 3975
144 197 205 261 106
493 210 748 261 nnoousomnm
824 221 830 230 ·
929 164 931 167 ⁵
954 201 1039 257 xva.
1052 204 1143 260 xv11

143 366 226 441 regni
244 364 375 443 inpulsus
387 366 544 425 contractis
559 366 719 426 latronibus
733 366 821 426 Indos
832 365 869 424 ad
884 367 1042 427 novitatem
1058 369 1144 444 regni

32 517 35 522 Ι
101 460 135 513 19
147 448 323 512 sollicitavit.
368 446 499 508 lllolienti
529 449 634 509 deinde
663 450 772 509 bellom
802 449 943 509 adversus
974 450 1144 529 praefectos

141 532 300 591 Alexandri
328 531 500 608 elephantus
532 532 613 591 ferus
633 534 759 593 infinitae
782 533 986 608 magnitudinis
1011 534 1088 595 ultro
1110 554 1142 595 se

143 614 246 674 obtulit
280 623 310 676 et
350 614 440 674 ueluti
469 614 575 673 domita
617 614 834 673 mansuetudine
863 633 928 674 eum
968 624 1054 691 tergo
1091 636 1141 677 ex·

39 701 43 710 '
99 710 134 763 2ο
147 698 225 776 cepit
245 698 361 774 duxque
377 697 447 767 belli
465 705 495 757 et
510 697 672 774 praeliator
689 699 809 775 insignis
824 698 886 757 luit.
931 700 982 759 Sic
997 701 1141 778 adquisito

141 797 235 858 regino
258 781 466 840 Sandrooottus
494 799 530 841 ea
559 789 752 859 tempestate,
775 799 831 858 qua
853 782 997 842 Seleucus
1026 784 1140 844 futurae

99 877 132 929 21
144 865 346 941 magnitudinis
368 864 550 929 fundamenta
571 865 713 940 iaciebat,
735 863 844 924 Indiam
866 866 1052 942 possidebat:
1076 884 1141 936 cum

89 955 92 961 “
143 963 201 1027 quo
223 948 300 1006 lacta
313 948 449 1026 pactione
466 947 610 1008 Seleucus
627 949 856 1026 compositisque
873 950 901 1007 in
923 951 1035 1009 oriente
1051 950 1140 1009 rebus

98 1042 134 1094 22
146 1033 175 1090 in
195 1030 303 1090 bellurn
320 1031 459 1107 Antigoni
479 1030 641 1090 descendit.
686 1031 827 1092 Adunatis
841 1032 931 1107 igitur
947 1035 1071 1093 omnium
1092 1050 1140 1092 so·

143 1116 252 1174 ciorum
268 1114 361 1192 copiis
377 1115 519 1193 proelium
534 1117 733 1174 committitur:
756 1117 785 1174 in
799 1133 836 1174 eo
853 1116 1017 1193 Antigonus
1029 1117 1139 1177 occidi·

97 1210 134 1264 23
144 1208 199 1273 tur,
221 1197 385 1256 Demetrius
401 1197 554 1258 filiuseius
576 1199 604 1257 in
619 1198 716 1275 fugam
732 1201 863 1262 vertitur.
891 1237 894 1242 -
908 1200 968 1260 Sed
983 1197 1056 1259 socii
1071 1216 1140 1277 pro·

141 1281 241 1356 lligato
257 1279 337 1339 hello
353 1280 447 1339 denuo
467 1283 496 1340 in
517 1283 707 1359 semetipsos
723 1300 800 1342 arma
817 1292 932 1343 vertunt
952 1292 997 1358 et,
1021 1301 1085 1343 cum
1102 1283 1140 1343 de

140 1363 250 1441 praeda
264 1379 321 1422 non
337 1366 536 1439 convenirent,
548 1365 651 1424 iterum
669 1366 697 1424 in
713 1365 783 1426 duas
798 1367 941 1432 factiones
957 1367 1138 1426 diducuntur.

97 1457 135 1510 24
147 1446 288 1505 Seleucus
304 1445 471 1522 Demetrio,
495 1447 679 1508 Ptolemaeus
694 1449 866 1523 lysimacho
882 1451 1044 1526 iunguntur.
1068 1448 1139 1509 Cas·

97 1540 133 1593 25
146 1528 252 1589 sandro
266 1529 403 1589 defuneto
417 1530 567 1608 Philippus
583 1532 659 1591 filius
674 1533 817 1592 succedit.
854 1534 904 1593 Sic
920 1533 1003 1612 quasi
1016 1552 1053 1593 ex
1064 1536 1139 1591 inte·

142 1613 743 1688 gronovaMacedoniaebellanascuntur.

523 1879 731 1893 ————-——

461 2146 670 2221 LIBER
700 2147 803 2221 XVI.

113 2378 129 2428 l
206 2366 233 2423 1.
262 2330 292 2423 P
295 2375 341 2424 ost
359 2365 513 2426 Cassandri
532 2366 611 2442 regis
633 2365 742 2443 filiique
760 2366 821 2424 eius
838 2365 964 2443 Philippi
988 2342 1138 2426 continuas

140 2456 249 2506 mortes
278 2446 488 2508 Thessalonice
516 2450 633 2525 regina,
663 2466 738 2508 uxor
759 2445 930 2523 Cassandri,
953 2465 1011 2507 non
1033 2465 1138 2525 magno
1192 2452 1194 2454 ’

108 2558 111 2561 ·
140 2540 208 2608 post
221 2534 354 2609 tempore
369 2533 405 2594 ab
422 2532 573 2608 Antipatro
587 2532 663 2607 lilio,
688 2549 751 2591 cum
769 2532 855 2590 vitam
870 2532 956 2590 etiam
979 2549 1032 2609 per
1047 2532 1139 2592 ubera

111 2621 268 2675 amaterna
284 2616 504 2694 deprecaretur,
529 2614 679 2674 occiditur.
709 2612 803 2673 Causa
819 2615 965 2692 parricidii
981 2614 1044 2690 luit,
1061 2615 1138 2693 quod

143 2695 209 2775 post
222 2708 343 2759 mortem
356 2699 450 2758 mariti
464 2700 492 2756 in
505 2698 648 2757 divisione
662 2699 737 2758 inter
748 2698 854 2757 iratres
868 2699 951 2774 regni
964 2699 1140 2776 propensior

112 2780 233 2847 aluisse
256 2800 309 2860 pro
326 2780 494 2842 Alexandro
519 2781 681 2841 videbatur.
727 2780 812 2853 Quod
832 2780 945 2840 lacinus
963 2798 1000 2840 eo
1021 2782 1138 2857 gravius

141 2866 272 2926 omnibus
285 2867 377 2925 visum
396 2875 458 2941 est,
482 2865 559 2943 quod
574 2864 682 2924 nullum
698 2873 845 2924 maternae
860 2864 969 2925 fraudis
984 2867 1138 2941 uestigium

110 2951 208 3013 Aluit:
231 2968 401 3029 quamquam
419 2950 448 3008 in
474 2947 630 3027 parricidio
656 2948 735 3009 nulla
756 2949 825 3008 satis
846 2965 934 3008 causa
958 2946 993 3005 ad
1014 2947 1139 3006 sceleris

114 3035 304 3112 opatrocinia
327 3034 459 3112 praetexi
480 3039 588 3110 potest.
633 3031 704 3091 Post
723 3032 798 3091 haec
817 3031 904 3108 igitur
916 3027 1087 3088 Alexander
1109 3029 1140 3087 in

140 3117 277 3176 ultionem
292 3110 440 3177 maternae
452 3117 533 3197 necis
548 3114 714 3194 cumfratre
733 3125 868 3192 gesturus
882 3111 991 3172 bellum
1002 3111 1139 3171 auxilium

113 3210 158 3263 fia
172 3199 321 3261 Demetrio
345 3203 431 3280 petit,
452 3216 508 3258 nec
524 3197 690 3258 Demetrius
706 3216 759 3277 spe
780 3196 933 3257 invadendi
955 3194 1139 3256 Macedonici

110 3285 223 3358 iregni
235 3301 346 3344 moram
362 3285 441 3344 lecit.
480 3280 568 3342 Cuius
584 3284 735 3342 adventurn
748 3299 854 3340 verens
870 3279 1058 3354 Lysimachus
1072 3295 1138 3356 per·

141 3366 243 3424 suadet
272 3383 384 3441 genero
406 3384 458 3426 suo
480 3365 652 3443 Antipatro,
675 3373 705 3424 ut
727 3364 806 3424 malit
828 3381 891 3423 cum
913 3363 1004 3423 iratre
1026 3362 1054 3420 in
1073 3377 1140 3437 gra·

140 3447 207 3504 tiam
226 3452 334 3507 roverti
350 3466 434 3526 quam
450 3457 599 3527 paternum
620 3447 735 3508 hostem
749 3448 778 3506 iu
799 3446 1003 3507 llacedoniam
1018 3443 1138 3505 admitti.
