2442 3975
180 217 240 278 194
501 224 620 272 arnocr
635 192 766 290 eonem
808 213 1166 271 xxxvn110.xxx1xu

178 399 266 458 reges
283 368 441 440 occurrere
456 378 604 437 tradentes
618 394 652 434 se
668 393 816 455 regnaque
829 393 880 435 sua
896 394 959 435 cum
974 381 1167 438 execratione

148 463 330 541 osnperbiae
341 461 501 520 Parthicae.
527 458 591 518 Nec
605 474 684 517 mora
700 461 901 535 congressioni
913 459 974 517 init.
1001 459 1167 521 Antiochus

176 547 267 606 trihus
289 544 410 624 proeliis
427 546 521 603 victor
537 559 600 601 cum
619 541 808 614 Babyloniam
829 552 1020 618 occupasset,
1041 561 1164 620 magnus

176 629 276 688 haberi
292 630 399 704 coepit.
433 626 532 704 Itaque
548 624 584 683 ad
601 642 665 682 enm
682 624 812 683 omnibns
827 624 944 702 populis
959 625 1160 686 deficientibus

146 702 243 776 7nihii
259 711 372 771 Parthis
386 711 490 786 reliqui
506 717 624 786 praeter
640 709 749 785 patrios
761 707 833 766 tiues
846 708 908 765 init.
940 707 1021 766 Tunc
1036 708 1159 768 Phraha·

175 804 221 853 tes
238 794 414 853 Demetrium
434 794 461 849 in
478 792 589 865 Syriam
606 791 642 852 ad
663 792 863 868 occupandum
878 808 998 866 reguum
1014 809 1077 849 cnm
1093 792 1160 851 Par·

176 878 253 937 thico
271 876 417 953 praesidio
434 875 533 948 mittit,
557 881 586 931 ut
607 890 643 932 eo
659 883 745 950 pacto
762 873 924 933 Antiochus
940 875 974 933 ad
990 892 1041 934 sua
1055 876 1159 934 tuenda

175 980 191 1019 a
207 959 320 1019 Parthia
335 967 532 1017 revocaretur
547 955 673 1029 Interim,
690 959 823 1032 quoniam
839 956 947 1016 viribus
961 974 1018 1016 non
1032 966 1160 1035 poterat,

145 1043 284 1107 einsidiis
301 1041 473 1101 Antiochum
494 1040 601 1117 ubique
617 1039 784 1116 temptabat.
814 1039 937 1138 Propter
954 1041 1161 1100 multitudinem

174 1126 318 1185 homiuum
332 1126 491 1183 exercitum
507 1141 587 1181 suum
607 1122 766 1182 Antiochus
782 1141 836 1200 per
844 1124 1006 1182 civitates
998 1141 1025 1181 m
1040 1112 1161 1184 hiberna

175 1209 326 1267 diviserat:
349 1225 424 1285 quae
445 1225 493 1264 res
514 1206 594 1264 exitii
613 1223 700 1264 causa
721 1206 783 1264 iuit.
823 1204 894 1264 Nam
916 1223 979 1264 cum
995 1208 1161 1282 gravarise

174 1293 320 1368 copiarum
342 1288 523 1366 praebitione
546 1298 575 1347 et
596 1289 705 1345 iniuriis
726 1289 843 1346 miiitum
866 1290 998 1348 civitates
1016 1289 1161 1367 viderent,

174 1373 209 1431 ad
227 1371 348 1431 Parthos
368 1372 503 1431 deficiunt
525 1380 554 1428 et
576 1371 622 1429 die
643 1378 747 1430 statuta
770 1389 869 1429 omnes
889 1372 964 1448 apud
984 1390 1017 1430 se
1039 1373 1162 1432 divisum

173 1456 332 1529 exercitum
347 1473 401 1534 per
416 1455 549 1529 iusidias,
566 1471 602 1510 ne
616 1454 738 1511 invicem
756 1452 834 1512 ferre
851 1455 955 1513 auxilia
966 1466 1098 1530 possent,
1112 1457 1161 1514 ad·

101 1533 104 1538 ’
145 1539 351 1615 digrediuntur.
389 1536 469 1610 Quae
492 1554 554 1594 cum
577 1536 702 1594 nuntiata
721 1537 864 1595 Antiocho
883 1546 1000 1610 esseut,
1024 1539 1160 1598 auxilium

173 1622 311 1700 proximis
328 1623 437 1679 icturus
455 1638 517 1678 cum
534 1637 569 1676 ea
585 1636 686 1688 manu,
708 1636 782 1696 qnae
797 1637 901 1685 secum.
911 1620 1070 1697 hiemabat,
1093 1639 1161 1699 pro·

171 1704 310 1781 greditur.
337 1703 369 1762 lu
384 1705 489 1761 itinere
501 1701 616 1769 obvium
630 1719 729 1777 regem
745 1700 911 1761 Parthorum
924 1703 1040 1780 hahuit,
1057 1705 1159 1763 adver·

130 1800 164 1850 lo
176 1806 224 1846 sus
239 1805 324 1864 quem
339 1787 442 1853 fortius
458 1803 541 1863 qnam
558 1786 704 1844 exercitus
721 1786 783 1843 eius
799 1786 952 1845 dimicavit.
984 1786 1029 1846 Ad
1045 1797 1159 1864 postre-

171 1885 245 1928 mum
261 1878 451 1943 tamen,.cum
466 1868 571 1926 virtute
589 1867 689 1926 hostes
704 1870 869 1943 vincerent,
886 1878 962 1928 metu
978 1888 1094 1929 suorum
1110 1870 1158 1928 de·

172 1962 266 2013 sertus
289 1952 444 2012 occiditur:
468 1953 512 2010 cui
533 1950 702 2010 Phrahates·
722 1954 862 2029 exequias
882 1954 966 2029 regio
987 1971 1068 2013 more
1089 1954 1160 2013 iecit

171 2036 315 2113 filiamque
328 2035 483 2109 Demetrii,
498 2038 691 2112 quamsecum
705 2033 863 2093 Antiochus
877 2036 1044 2113 advexerat,
1057 2048 1161 2115 captus

126 2131 160 2183 ll
175 2135 273 2180 amore
295 2119 412 2193 virginis
434 2136 555 2176 uxorem
576 2118 664 2176 duxit.
693 2118 844 2178 Paenitere
860 2119 964 2179 deinde
981 2120 1088 2179 dimissi
1100 2120 1161 2179 De-

171 2202 263 2260 metrii
282 2203 394 2298 coepit:
422 2201 457 2259 ad
482 2218 567 2278 quem
590 2201 793 2260 retrahendum
817 2220 880 2260 cum
902 2213 1008 2263 turmas
1032 2205 1161 2301 equitum

170 2283 305 2342 festinato
318 2285 462 2359 misisset,
485 2283 662 2342 Demetrium
680 2284 760 2343 hoc
752 2302 843 2382 ipsum
864 2295 1037 2345 metuentem
1056 2289 1111 2345 iam
1131 2288 1163 2344 in

170 2383 261 2441 regno
284 2369 362 2425 missi
384 2369 554 2425 invenerunt
574 2366 739 2443 frustraque
761 2370 854 2427 omnia
879 2370 974 2480 conati
997 2369 1033 2428 ad
1057 2386 1163 2445 regem

169 2465 251 2507 sunm
267 2450 380 2508 reversi
395 2459 470 2509 sunt

321 3062 327 3076 ·
381 3043 593 3143 nnana
644 3045 885 3121 mutin.

136 3283 153 3336 1
229 3274 255 3330 i.
278 3238 428 3331 Antiocho
449 3274 477 3331 iu
497 3273 610 3335 Parthia
631 3245 694 3335 cum
713 3281 843 3337 exercitu
865 3279 963 3340 deleto
986 3280 1076 3339 irater
1093 3284 1166 3341 eius·

166 3354 331 3413 Demetrius
354 3355 504 3414 obsidione
522 3357 690 3419 Parthorum
707 3361 846 3422 liberatus
869 3362 934 3432 dein
956 3381 990 3422 ac
1006 3365 1161 3423 restitutus

164 3436 195 3491 in
209 3452 347 3526 reguum,
364 3455 427 3501 cum
444 3441 534 3498 omnis
546 3441 630 3515 Syria
647 3443 674 3499 in
690 3443 768 3502 luctu
784 3454 906 3523 propter
920 3447 1053 3505 amissum
1070 3466 1166 3507 exer-
