2442 3975
139 198 179 259 18
515 205 769 255 raooreoursr
1045 200 1073 253 11
1084 204 1142 256 rso

118 394 120 397 v
138 362 194 422 sibi
211 363 347 422 consciae
364 362 467 439 partim
482 359 562 419 ferro
572 405 581 437 ‚
591 360 704 438 partim
720 359 877 438 suspendio
894 359 979 419 vitam
995 361 1140 422 finierunt.

111 446 209 510 ssl'ost
223 444 297 504 haec
312 463 370 523 pax
386 443 463 522 apud
478 442 603 516 Scythas
617 443 680 520 fuit,
697 461 790 521 usque
803 451 935 520 tempora
949 443 1076 517 lanthyri
1092 462 1138 504 re·

109 532 193 606 ogis.
222 528 296 589 lluic
318 534 444 604 Dareus,
471 543 524 585 rex
544 525 713 602 Persarum,
743 527 818 585 sicut
844 538 930 604 supra
951 526 1059 586 dictum·
1083 536 1139 603 ast,

106 624 141 678 10
148 629 211 670 cum
225 611 302 671 tiliae
318 613 380 670 eins
395 612 510 689 nuptias
524 626 582 668 non
597 609 785 689 obtinuisset,
803 609 909 669 bellum
930 609 1023 669 intulit
1043 619 1073 669 et
1093 629 1139 669 ar·

139 695 223 755 matis
239 696 430 773 septingentis
445 691 561 752 milibus
577 693 722 753 hominum
739 692 888 767 Scythiam
902 693 1065 770 ingressus,
1080 711 1144 753 non

139 777 312 837 facientibus
335 776 474 837 hostibus·
489 794 606 854 pugnae
627 785 800 853 potestatem
822 784 969 852 metuens,
993 795 1030 836 ne
1051 779 1140 836 inter·

139 870 225 939 rupto
238 870 326 939 ponte
338 860 426 920 Histri
443 860 552 920 reditus
567 858 622 918 sibi
637 859 889 936 intercluderetur,
907 860 1020 919 amissis
1034 859 1142 920 LXXX

96 956 129 1008 ll
138 944 251 1003 milibus
271 944 415 1004 hominum
438 943 568 1021 trepidus
594 942 718 1018 refugit:
743 960 818 1021 qnae
839 944 947 1002 iactura
975 942 1140 1003 abundante

99 1038 133 1091 12
140 1027 316 1086 multitudine
331 1029 407 1086 inter
418 1028 518 1088 damna
531 1035 678 1086 numerata
693 1042 749 1083 non
765 1035 818 1085 est.
831 1064 833 1068 -
848 1024 918 1085 lnde
930 1026 1029 1087 Asiam
1042 1036 1070 1086 et
1081 1025 1139 1086 tta-

97 1109 290 1174 lbcedoniam
306 1110 428 1171 domuit:
446 1110 533 1172 lonas
549 1127 667 1188 quoque
678 1110 774 1169 navali
787 1108 900 1187 proelio
914 1119 1042 1188 superat.
1065 1109 1142 1170 Dein

142 1196 261 1269 cognito
281 1194 358 1270 quod
369 1193 564 1253 Athenienses
578 1193 667 1253 loniis
683 1202 783 1252 contra
799 1211 831 1252 se
846 1193 981 1253 auxilium
995 1194 1140 1269 tulissent,

140 1295 253 1335 omnem
272 1278 407 1354 impetum
425 1276 495 1336 belli
508 1278 537 1335 in
555 1294 608 1335 eos
625 1277 777 1339 convertit.

111 1370 127 1420 1
205 1361 234 1419 6
268 1359 352 1425 Nunc
374 1362 508 1438 quoniam
534 1359 570 1419 ad
595 1359 673 1418 bella
694 1359 913 1418 Atheniensium
944 1369 1059 1420 ventum
1085 1368 1140 1437 est,

141 1460 216 1520 quae
234 1460 292 1501 non
308 1443 394 1502 modo
411 1444 485 1503 ultra
503 1461 586 1520 spem
600 1441 738 1519 gerendi,
760 1461 860 1501 verum
875 1444 959 1503 etiam
974 1445 1046 1504 ultra
1061 1445 1141 1520 gesti

141 1525 226 1585 iidem
250 1535 368 1613 peracta
392 1536 472 1603 sunt,
499 1543 649 1609 operaque
672 1525 906 1603 Atheniensium,
938 1546 1012 1606 quae
1033 1527 1140 1586 effectu

139 1609 248 1668 maiora
265 1628 349 1686 quam
364 1619 433 1669 voto
450 1611 549 1686 fuere,
571 1610 672 1686 paucis
692 1608 771 1668 urbis
798 1610 883 1685 origo
904 1609 1064 1709 repetenda
1081 1618 1139 1686 est,

112 1700 172 1754 aet
191 1693 347 1769 quianon,
370 1702 400 1752 ut
425 1703 542 1753 ceterae
563 1702 685 1768 gentes,
708 1710 725 1752 a
740 1692 887 1755 sordidis
879 1694 965 1753 initiis
980 1693 1016 1753 ad
1032 1709 1140 1753 summa

112 1787 275 1840 acreacre.
313 1776 374 1835 Soli
389 1779 464 1836 enim
487 1784 691 1854 praeterquam
712 1777 893 1837 incremento
917 1779 1002 1837 etiam
1025 1778 1139 1853 origine

114 1858 319 1934 dgloriantur:
347 1862 456 1939 qnippe
479 1877 537 1919 non
560 1858 690 1919 advenae
706 1877 802 1937 neque
819 1861 925 1937 passim
943 1860 1069 1920 collecta
1087 1876 1139 1937 po·

142 1942 202 2021 puli
219 1942 369 2003 conluvies
386 1945 528 2022 originem
547 1941 609 2003 urbi
630 1942 725 2021 dedit,
749 1943 802 2003 sed
823 1942 927 2002 eodem
949 1943 1038 2002 innati
1059 1942 1138 2018 solo,

111 2025 219 2105 aquod
238 2026 384 2103 incolunt,
408 2038 437 2089 et
458 2046 532 2107 quae
546 2028 605 2087 illis
621 2027 723 2103 sedes,
744 2025 845 2085 eadem
862 2026 946 2103 origo
965 2035 1019 2085 est.
1052 2025 1140 2085 Primi

143 2110 261 2169 lanificii
286 2119 314 2170 et
340 2112 399 2170 olei
430 2121 466 2174 et
485 2112 544 2170 vini
566 2130 647 2170 usum
672 2110 809 2169 docuere.
841 2109 935 2169 Arare
961 2126 1079 2188 quoque
1103 2127 1140 2169 ac

115 2203 242 2257 dserera
257 2193 398 2255 frumebta
413 2194 548 2272 glandem
563 2192 750 2254 vescentibus
771 2202 972 2253 monstrarunt.
1000 2192 1138 2268 Litterae,
1207 2267 1211 2274 ,

141 2277 332 2344 caerimoniae
353 2296 388 2338 ac
410 2278 543 2338 facundia
565 2278 654 2337 ethic
670 2277 763 2336 civilis
779 2276 948 2355 disciplinae
964 2277 1037 2337 ordo
1050 2276 1140 2336 veluti

110 2359 278 2437 inemptum
294 2360 424 2421 Athenas
445 2362 561 2423 habent
597 2360 673 2420 Ante
687 2360 875 2421 Deucalionis
891 2370 1023 2439 tempora
1038 2376 1139 2437 regem

139 2439 267 2500 habuere
284 2441 464 2523 Cecropem,
486 2463 589 2524 quem,
606 2454 636 2504 ut
653 2446 744 2504 omnis
761 2445 914 2521 antiquitas
929 2444 1061 2505 fabulosa
1083 2451 1139 2518 est,

142 2522 293 2585 biformem
309 2527 470 2605 tradidere,
491 2530 556 2606 quia
573 2527 681 2607 primus
697 2545 805 2587 marem
819 2526 942 2588 feminae
958 2527 1139 2588 matrimonio

112 2608 240 2670 fiiunxit.
268 2609 342 2670 Huic
360 2613 505 2672 successit
522 2610 668 2687 Cranaos,
693 2613 773 2670 cuius
789 2610 847 2670 filia
862 2611 977 2671 Atthis
974 2629 1079 2671 nomen
1094 2628 1139 2669 re·

111 2691 219 2767 agioni
235 2692 322 2753 dedit.
352 2693 423 2754 Post
437 2695 514 2755 bunc
526 2695 722 2773 Amphictyon
737 2696 885 2771 regnavit,
901 2697 949 2773 qui
965 2696 1074 2772 primus
1088 2694 1157 2760 lli-¹

97 2783 246 2837 lonervae
263 2776 363 2837 urbem
374 2780 500 2838 sacravit
513 2787 542 2837 et
552 2795 658 2837 nomen
671 2779 777 2837 civitati
788 2777 918 2838 Athenas
934 2777 1021 2838 dedit.
1049 2778 1140 2838 lluius

141 2860 322 2938 temporibus
345 2878 482 2939 aquarum
510 2863 634 2921 inluvies
664 2862 802 2920 maiorem
832 2871 943 2939 partem
965 2861 1139 2940 populorum

98 2949 131 3002 11
141 2942 282 3003 Graeciae
298 2944 465 3024 absumpsit.
492 2945 710 3023 Superfuerunt,
727 2961 801 3022 quos
815 2945 929 3022 refugia
943 2945 1077 3002 montium
1093 2961 1138 3002 re-

142 3037 292 3105 ceperunt,
306 3027 400 3089 autad
412 3046 514 3106 regem
526 3026 695 3087 Thessaliae
703 3026 910 3087 Deucalionem
921 3025 1030 3087 ratibus
1042 3027 1139 3086 evecti

96 3117 132 3169 la
142 3119 224 3185 sunt
239 3129 255 3169 a
271 3129 328 3189 quo
345 3121 503 3189 propterea
518 3129 611 3189 genus
629 3109 773 3170 hominum
788 3110 1055 3170 conditumdicitur
1083 3108 1140 3169 Per

142 3154 271 3252 ordinem
290 3194 392 3254 deinde
408 3195 605 3255 successionis
620 3211 741 3269 regnum
756 3194 791 3253 ad
805 3193 1001 3255 Erechtheum
1017 3193 1139 3253 descen·

106 3272 197 3383 ¹³dit,
212 3274 265 3334 sub
279 3294 337 3353 quo
349 3278 482 3338 frumenti
492 3279 566 3339 satio
580 3285 625 3336 est
636 3275 777 3336 Eleusine
789 3295 805 3338 a
817 3277 996 3356 Triptolemo
1010 3285 1139 3354 reperta,

106 3392 132 3433 14
106 3342 171 3414 in
184 3358 264 3415 cuins
281 3362 407 3418 muneris
426 3361 566 3421 honorem
585 3369 688 3419 noctes
705 3361 849 3419 initiorum
866 3368 1009 3420 sacratae.
1035 3358 1139 3419 Tenuit

143 3446 172 3496 et
186 3438 324 3516 Aegeus,
343 3440 450 3502 Thesei
465 3452 559 3521 pater,
574 3442 696 3503 Athenis
710 3460 848 3520 regnum,
863 3461 880 3503 a
896 3460 954 3522 quo
970 3459 1024 3522 per
1042 3442 1138 3501 divor
