2442 3975
496 219 603 267 cnosi
622 219 753 267 Ponam
933 209 1050 265 ΧΧΧΠΙ
1067 216 1092 266 1.
1111 218 1130 267 a

390 387 599 497 cisun
643 422 827 501 xxxma.

110 647 125 696 1
202 633 227 689 1.
252 595 375 688 Minore
397 627 512 704 quidem
538 644 634 704 rerum
659 636 736 685 motu
766 626 885 687 Romani
906 628 1128 688 Macedonicum

137 732 222 793 quam
237 714 372 772 Punicum
388 710 496 769 bellum
512 720 683 787 gesserunt,
707 711 759 769 sed
781 719 860 770 tanto
882 711 1002 788 clarius,
1019 721 1126 789 quanto

88 800 91 806 ’
136 798 286 858 nobilitate
315 794 492 853 Macedones
518 794 633 853 Poenos
660 801 896 854 antecesserunt:
928 797 1036 873 quippe
1063 813 1128 853 oum

87 897 89 901 ·
130 882 231 958 vgloria
255 880 382 939 orientis
395 878 511 952 domiti,
534 886 592 935 turn
615 886 644 935 et
663 876 770 937 auxilio
789 879 912 939 omniurn
928 896 1031 955 regum
1048 881 1126 937 inva-

110 965 251 1028 utantur.
278 962 378 1040 ltaque
395 960 516 1020 Romani
534 970 563 1019 et
580 960 714 1036 legiones
728 961 828 1038 plures
844 979 962 1020 munero
978 963 1127 1039 conscrip-

138 1056 237 1107 sernnt
261 1055 289 1105 et
309 1045 414 1104 auxilia
436 1062 452 1103 a
470 1043 638 1119 Masinissa,
655 1061 726 1122 roge
740 1043 940 1119 Numidarum,
966 1054 995 1103 et
1019 1047 1128 1104 ceteris

138 1130 269 1191 omnibus
290 1129 378 1187 sociis
402 1130 584 1195 acciverunt;
607 1136 636 1186 et
652 1126 788 1203 Eumeni,
812 1130 876 1205 regi
891 1128 1058 1203 Bithyniae,
1076 1127 1127 1187 de·

108 1215 308 1288 anuntiatmn,
325 1220 354 1270 ut
369 1211 477 1269 bellum
490 1212 606 1269 summis
620 1211 728 1270 viribus
740 1214 861 1271 iuvaret.
886 1212 995 1271 Perseo
1009 1220 1129 1289 praeter

137 1296 356 1356 Macedonicum
381 1295 504 1353 invictae
533 1295 678 1371 opinionis
706 1297 865 1354 exercitum
890 1297 1029 1355 decennis
1056 1295 1127 1359 belli

138 1388 269 1456 sumptus
284 1396 299 1437 a
315 1385 398 1454 patre
410 1386 528 1454 paratus
540 1379 568 1437 iu
579 1377 723 1437 thesauris
739 1387 768 1437 et
777 1378 893 1452 ,horreis
911 1388 981 1438 erat.
1016 1377 1128 1451 Quibus

138 1462 225 1522 rebus
247 1461 359 1525 indatus
385 1459 491 1519 oblitus
507 1460 641 1521 fortunae
662 1470 801 1539 paternae
817 1471 948 1521 ueterem
969 1461 1128 1521 Alexandri

109 1557 130 1614 4
139 1547 261 1623 gloriam
277 1544 464 1604 considerare
481 1561 550 1603 suos
562 1544 689 1604 iubebat.
710 1544 801 1603 Prima
815 1547 941 1623 equiturn
954 1547 1128 1622 congressio

138 1630 209 1703 luit,
229 1646 284 1706 qua
300 1630 393 1687 victor
408 1627 533 1687 Perseus
550 1646 721 1706 suspensam
738 1630 861 1688 amnium
877 1630 1127 1707 exspectationem

110 1727 126 1776 5
140 1716 167 1772 in
182 1713 312 1771 favorem
328 1714 371 1770 sui
385 1712 486 1770 traxit:
501 1713 577 1771 misit
592 1721 688 1771 tamen
709 1711 823 1789 legatos
839 1713 874 1771 ad
897 1714 1062 1787 consulem,
1078 1711 1127 1787 qui

140 1814 242 1875 pacem
259 1804 409 1873 peterent,
429 1812 512 1870 quam
530 1797 604 1872 patri
620 1812 673 1853 suo
687 1794 807 1855 Romani
832 1798 916 1856 etiam
936 1798 1015 1855 victo
1032 1795 1128 1854 dedis·

140 1891 221 1956 sent,
249 1881 386 1957 inpensas
414 1877 484 1936 belli
513 1878 582 1954 lege
607 1880 678 1954 victi
704 1890 903 1958 suscepturus.
938 1880 997 1939 Sed
1025 1877 1129 1937 consul

111 1964 170 2028 dP.
186 1963 310 2023 Licinius
332 1978 389 2023 non
410 1962 500 2021 minus
524 1980 631 2038 graves
650 1979 734 2039 quam
747 1964 825 2023 victo
842 1962 927 2040 leges
942 1962 1021 2023 dixit.
1053 1961 1130 2021 Dum

139 2049 214 2107 haec
236 2048 372 2123 aguntur,
394 2055 471 2104 metu
495 2055 551 2104 tarn
568 2047 729 2123 periculosi
745 2047 814 2105 belli
833 2047 952 2106 Romani
973 2045 1130 2104 Aemilium

140 2131 259 2191 Paulum
276 2130 426 2189 consulem
444 2139 545 2187 creant
561 2131 646 2207 eique
664 2139 745 2188 extra
765 2130 893 2189 ordinem
909 2130 1130 2189 Macedonicum

139 2214 247 2273 bellurn
264 2214 438 2272 decernunt:
455 2214 503 2289 qni
520 2231 583 2271 cum
595 2213 631 2272 ad
644 2215 804 2272 exercitum
818 2216 962 2289 venisset,
978 2229 1034 2271 non
1049 2230 1129 2288 mag·

110 2306 202 2361 'lnam
217 2314 326 2374 moram
342 2314 455 2374 pugnae
474 2295 555 2356 lecit.
586 2297 683 2356 Pridie
699 2314 782 2375 quarn
797 2298 941 2375 proelium
957 2314 1129 2355 conserere·

38 2414 41 2419 ,
139 2391 201 2455 tur,
217 2381 282 2439 luna
295 2389 381 2439 nocte
398 2379 522 2454 deiecit,
539 2380 567 2439 id
583 2389 747 2458 portentum
765 2380 872 2441 Persae
891 2378 1021 2439 omnibus
1043 2397 1129 2457 prae·

139 2462 318 2539 sagientibus
341 2464 484 2540 finemque
507 2463 690 2523 Macedonici
712 2465 795 2540 regni
819 2465 952 2542 portendi
972 2464 1130 2522 vaticinan-

139 2546 226 2605 tibus.
1065 2560 1068 2561 ’

113 2646 128 2696 1
204 2629 232 2687 2.
256 2628 287 2687 In
308 2648 342 2689 ea
363 2647 459 2707 pugna
480 2628 518 2689 Μ.
542 2627 632 2706 Gato,
654 2628 772 2689 Catonis
794 2630 918 2689 oratoris
946 2630 1037 2704 lilius,
1064 2629 1132 2688 dnm

139 2716 215 2772 inter
231 2713 461 2773 confertissimos
474 2713 574 2773 hostes
586 2714 737 2790 insigniter
750 2714 879 2788 dimicat,
897 2731 974 2791 equo
990 2713 1131 2790 delapsus

110 2798 279 2876 xpedesne
305 2796 448 2875 proelium
474 2797 651 2873 adgreditur.
693 2796 764 2857 Nam
792 2797 942 2857 cadentem
967 2796 1132 2874 manipulus

139 2883 264 2941 hostium
281 2899 344 2941 cum
356 2880 474 2940 horrido
494 2882 622 2940 clamore
639 2881 729 2941 veluti
746 2883 888 2941 iacentem
907 2880 1131 2940 obtruncatums

140 2967 386 3025 circumsteterat:
409 2974 437 3024 at
454 2965 504 3024 ille
521 2966 604 3024 citius
623 2966 895 3043 corporegcolleeto
918 2981 1039 3041 magnas
1056 2971 1130 3021 stra·

111 3061 194 3126 3ges
212 3049 310 3109 edidit.
342 3048 413 3108 Cum
428 3049 464 3108 ad
479 3066 563 3107 unum
579 3048 798 3126 opprimendum
808 3048 934 3126 undique
947 3048 1049 3107 hostes
1060 3063 1130 3105 con·

140 3133 289 3209 volarent,
315 3133 380 3192 duur
401 3149 555 3210 procerum
572 3132 713 3209 quendam
728 3134 817 3209 petit,
833 3132 947 3208 gladius
970 3133 997 3190 ei
1014 3149 1030 3189 e
1046 3147 1131 3189 mann

110 3215 257 3293 delapsus
273 3217 300 3274 in
316 3217 436 3276 mediam
453 3216 603 3275 cohortem
617 3216 741 3274 hostiurn
756 3216 876 3276 decidit:
901 3215 936 3274 ad
953 3231 1039 3293 quern
1053 3213 1129 3272 reci·

141 3298 299 3377 perandum
320 3298 444 3358 umbone
467 3317 500 3358 se
519 3309 679 3376 protegens
700 3301 883 3377 inspectante
898 3306 1024 3375 utroque
1044 3314 1129 3355 exer-

119 3383 197 3439 citu
224 3383 298 3439 inter
326 3383 451 3441 hostium
475 3400 629 3441 mucrones
655 3401 722 3441 sese
748 3383 878 3441 inmersit
903 3379 1131 3457 recollectoque

140 3461 238 3534 gladio
256 3462 351 3521 multis
368 3464 535 3523 vulneribus
555 3467 688 3543 exceptis
704 3465 739 3524 ad
756 3483 824 3524 suos
840 3481 903 3523 cum
918 3464 1046 3524 clamore
1061 3463 1129 3521 hos·
