2442 3975
155 208 217 271 136
319 173 323 181 ’
464 187 781 263 ’6666666666
895 206 1001 261 xxls.
1013 210 1040 262 6.
1051 208 1161 265 xx111

150 375 278 436 mulatus
291 380 336 431 666
351 370 515 436 adfectatae
531 368 707 445 tyrannidis,
723 385 778 429 uec
795 368 881 467 aliter
903 387 988 447 quam
1005 370 1071 430 duur
1089 390 1162 432 con·

93 499 101 512 .
153 459 301 530 temnitur,
317 454 459 514 liberatus
475 461 532 512 ast.
810 499 814 505 .
1127 497 1129 500 .

125 554 139 605 1
215 543 244 602 6.
281 537 359 597 luter
379 534 461 596 haec'
492 533 750 611 Carthaginienses
778 543 857 595 tanto
888 554 1030 597 successu
1062 513 1161 600 rerum

153 621 313 683 Alexandri
335 622 432 697 magni
456 619 606 693 exterriti,
635 627 772 677 verentes
799 637 836 677 ne
860 620 981 680 Persico
1010 639 1105 697 regno
1129 633 1161 683 et

152 707 285 766 Airicum
302 705 394 765 vellet
412 704 588 778 adiungere,
610 703 723 761 mittunt
743 702 780 761 ad
799 704 996 780 speculandos
1018 706 1081 764 eius
1098 708 1159 764 ani-

152 807 215 849 mos
232 784 408 849 Amilcarem
432 794 628 865 cognomento
647 784 828 859 Rodanum
843 788 935 846 virum
957 787 1090 846 sollertia
1115 787 1159 848 la·

119 874 315 950 tcundiaque
335 880 452 949 praeter
470 878 589 929 ceteros
605 870 757 945 insignem
780 869 938 947 Augebant
953 871 1029 929 euim
1051 881 1160 930 metum

120 967 184 1022 3et
199 956 295 1030 l’yros
315 955 385 1014 urbs
406 962 555 1014 auctorum
577 954 697 1029 originis
721 970 793 1011 suae
820 963 906 1032 capta
935 963 964 1012 et
978 953 1160 1016 Alexandria

153 1040 266 1099 aemula
283 1037 500 1136 Carthaginis
491 1055 520 1095 rn
541 1037 672 1096 terminis
694 1035 815 1095 Airicae
838 1045 867 1095 66
888 1037 1026 1114 Aegypti
1042 1038 1160 1098 condita

122 1132 183 1187 666
199 1122 325 1182 felicitas
340 1122 437 1197 regis,
460 1114 536 1198 apud
552 1138 638 1197 quern
655 1137 712 1178 nec
727 1119 869 1197 cupiditas
889 1138 947 1179 nec
965 1120 1080 1180 lortuna
1097 1121 1159 1181 ullo

123 1206 239 1271 smodo
263 1204 496 1265 terminabantur.
529 1203 621 1283 lgitur
642 1202 772 1262 Amilcar
796 1221 850 1281 per
872 1204 1062 1265 Parmeniona
1080 1204 1160 1264 aditu

152 1291 232 1365 regis
255 1289 375 1348 obtento
391 1286 559 1366 profugisse
575 1305 607 1345 se
629 1286 665 1345 ad
684 1303 785 1362 regem
802 1287 954 1364 expulsum
970 1290 1061 1366 patria
1078 1288 1161 1365 lingit

112 1373 329 1454 amilitemque
353 1389 386 1431 66
408 1370 603 1447 expeditionis
623 1370 719 1428 ollert
763 1370 861 1448 Atque
877 1374 915 1432 ita
942 1371 1072 1431 consiliis
1095 1374 1160 1431 eius

153 1455 339 1552 exploratis
331 1473 359 1513 ιιι
374 1454 490 1514 tabellis
508 1454 615 1529 ligneis
626 1470 718 1512 vacua
734 1452 863 1532 desuper
876 1472 943 1514 6666
956 1455 1072 1514 inducta
1087 1456 1159 1513 civi-

93 1572 103 1583 ·
123 1539 205 1605 7666
224 1539 284 1597 suis
298 1539 392 1597 omnia
410 1537 623 1616 perscribebat.
647 1536 706 1595 Sed
720 1534 978 1614 Carthaginienses
997 1547 1065 1615 post
1080 1556 1158 1597 mor·

152 1631 210 1681 tern
230 1623 309 1698 regis
329 1639 481 1681 reversum
499 1622 528 1679 in
543 1621 680 1698 patriam,
702 1622 785 1697 quasi
802 1619 904 1681 urbem
926 1624 991 1698 regi
1011 1622 1158 1692 venditas·

153 1714 216 1779 666,
234 1722 292 1763 non
313 1705 427 1781 ingrato
448 1713 571 1779 tantum,
596 1721 697 1762 verum
721 1704 807 1763 etiam
827 1706 938 1765 crudeli
960 1707 1055 1766 animo
1069 1722 1182 1794 neca-0

151 1798 264 1856 verunt.

546 1976 758 1984 ..Ἠ

453 2231 681 2306 LIBER
733 2233 859 2306 XXII.

119 2463 134 2514 1
217 2451 244 2508 l.
268 2415 457 2525 Agathocles
473 2450 590 2510 Siciliae
606 2461 760 2527 tyrannus,
782 2454 830 2529 qui
846 2450 1034 2527 magnitudini
1049 2452 1164 2528 prioris,

152 2533 286 2605 Dionysii
301 2534 459 2607 successit,
479 2534 514 2592 ad
536 2539 619 2611 regui
634 2537 815 2594 maiestatem
828 2552 865 2592 ex
877 2533 975 2593 humili
992 2544 1021 2593 et
1035 2534 1155 2594 sordido

122 2626 264 2692 2666666
281 2617 425 2693 pervenit.
455 2614 582 2694 Quippe,
598 2619 626 2677 in
644 2619 745 2677 Sicilia
770 2626 852 2694 patre
875 2617 966 2694 ligulo
994 2628 1076 2678 natus
1098 2634 1156 2676 666

121 2699 349 2764 3666666666666
365 2699 515 2776 pueritiam
532 2718 616 2778 quam
630 2702 772 2779 principia
791 2701 912 2779 originis
929 2699 1044 2777 habuit,
1067 2702 1155 2778 siqui-

152 2783 218 2843 dem
234 2782 327 2841 iorma
343 2790 371 2839 et
389 2784 522 2859 corporis
537 2784 751 2860 pulchritudine
773 2784 911 2861 egregius
927 2784 973 2844 diu
991 2788 1077 2844 vitarn
1096 2793 1156 2843 stu·

122 2866 196 2943 Apri
219 2864 356 2963 patientia
373 2864 510 2924 exhibuit
542 2867 644 2927 Annos
661 2867 766 2927 deinde
783 2867 944 2946 pubertatis
965 2886 1105 2945 egressus
1120 2867 1155 2926 li·

120 2962 137 3014 5
153 2950 278 3011 bidinem
294 2949 392 3008 aviris
407 2949 443 3008 ad
458 2948 579 3013 laminas
594 2951 748 3011 transtulit
772 2952 841 3011 Post
862 2950 937 3010 haec
957 2951 1032 3028 apud
1047 2959 1155 3009 utrum·

122 3041 208 3112 6que
224 3050 326 3092 sexum
341 3031 469 3090 famosus
485 3034 571 3091 vitam
586 3027 746 3093 latrocririis
757 3035 885 3094 mutavit.
908 3032 1064 3091 Interiectu
1081 3041 1155 3092 tern-

153 3134 243 3195 pore,
264 3133 328 3175 cum
346 3115 507 3188 Syracusas
528 3118 728 3177 concessisset
753 3116 970 3193 adscitusque
961 3134 990 3173 ru
1007 3116 1155 3175 civitatem

121 3201 227 3264 'linter
242 3197 354 3257 incolas
370 3206 460 3274 esset,
477 3197 560 3257 diu
536 3217 598 3259 arne
611 3201 669 3260 lide
684 3202 747 3277 luit,
761 3202 895 3280 quoniam
912 3217 969 3258 nec
986 3199 1014 3258 in
1031 3198 1155 3258 iortunis

153 3282 230 3359 quod
250 3281 409 3357 amitteret,
431 3299 488 3341 nec
507 3283 535 3340 in
556 3285 731 3344 verecundia
756 3285 834 3362 quod
859 3284 1023 3361 inquinaret
1042 3281 1155 3342 habere

121 3365 318 3426 8videbatur:
346 3366 375 3424 in
395 3382 502 3425 summa
517 3369 683 3443 gregariam
701 3368 829 3426 militiam
844 3369 965 3426 sortitus
986 3383 1044 3424 uon
1060 3367 1155 3424 minus

153 3455 221 3503 tunc
242 3447 380 3506 seditiosa
395 3466 480 3525 quam
493 3458 578 3509 antea
594 3451 672 3528 turpi
688 3450 747 3508 vita
762 3450 791 3508 in
806 3467 892 3509 omne
906 3450 1019 3509 lacibus
1034 3463 1154 3528 promp-
