2442 3975
63 220 198 321 111ch
435 231 892 279 HIST.PH1L.EP1T..
1023 218 1065 279 95

65 386 177 480 regiam
193 382 370 461 adquireret,
388 383 424 442 ad
440 387 554 461 nuptias
572 384 761 462 Cleopatrae,
777 386 888 445 sororis
905 385 1066 447 Alexandri

68 469 163 543 magni
177 476 207 526 et
222 466 344 527 alterius
359 466 519 527 Alexandri
535 469 679 548 quondam
692 470 802 544 uxoris,
818 484 875 527 non
890 479 1065 546 aspernante

68 549 240 628 Olympiade
261 543 353 609 matre
380 552 443 608 eius
469 550 604 613 intendit.
629 552 682 611 sed
704 553 782 629 prins
804 551 986 628 Antipatrum
1009 553 1093 617 suba

67 634 221 694 adfinitatis
237 633 357 691 obtentu
373 651 482 711 capere
496 635 643 714 cupiebat
674 633 774 711 ltaque
789 636 869 710 lingit
880 653 913 693 se
928 636 955 692 in
970 638 1065 694 matri·
1076 648 1095 700 6

67 718 193 776 monium
209 716 296 775 liliam
313 717 376 774 eius
388 727 509 794 petere,
524 737 581 798 qno
598 717 712 777 facilius
729 717 764 776 ab
780 736 817 776 eo
833 717 1068 795 supplementum

67 802 190 860 tironum
203 817 241 858 ex
248 799 427 859 'Macedonia
443 800 597 861 obtineret.
626 799 719 874 Quem
736 801 833 872 dolum
847 803 1094 878 praesentiente?

67 883 234 961 Antipatro,
252 883 318 942 dum
329 883 400 942 duas
411 884 517 943 eodem
528 896 662 963 tempore
676 902 783 944 uxores
796 886 920 961 quaerit,
936 894 1066 944 neutram

70 966 203 1025 obtinuit
247 966 318 1025 Post
339 964 414 1025 haec
430 967 539 1027 bellum
563 971 639 1027 inter
654 968 828 1043 Antigonum
845 976 874 1025 et
895 967 1096 1031 Perdiccam&

69 1052 170 1108 oritur.
179 1047 343 1124 Antigono
354 1047 495 1110 Crateros
509 1061 538 1111 et
549 1051 704 1127 Antipater
713 1051 848 1109 auxilium
860 1050 1004 1125 ferebant,
1016 1053 1094 1126 quio

67 1133 146 1191 lacta
160 1149 222 1190 cum
235 1131 462 1192 Atheniensibus
474 1152 550 1211 pace
571 1132 786 1211 Polyperconte
808 1132 951 1193 Graeciae
967 1133 1064 1193 ethia-

69 1216 215 1274 oedoniae
227 1225 418 1293 praeponunt.
455 1217 594 1278 Perdicca
611 1218 744 1276 alienatis
757 1217 846 1274 rebus
863 1215 1019 1275 Aridaeum
1034 1226 1064 1275 et
1075 1229 1112 1281 10

67 1298 227 1358 Alexandri
242 1302 337 1374 magni
353 1299 441 1358 hlium
456 1302 483 1359 in
498 1298 697 1379 cappadocia,
715 1316 836 1377 quorum
852 1317 919 1358 cura
931 1300 973 1359 illl
988 1317 1065 1358 man·

68 1382 133 1442 data
150 1382 260 1455 fuerat,
274 1383 310 1441 de
323 1399 429 1442 summa
442 1383 513 1443 belli
526 1385 554 1441 in
567 1384 717 1441 consilium
732 1381 858 1441 adhibet.
884 1382 1062 1455 Quibusdam
1075 1397 1108 1447 11
1207 1441 1208 1444 ,

68 1464 205 1542 placebat
218 1464 328 1524 bellum
343 1468 371 1523 in
386 1465 587 1526 Macedoniam
603 1466 771 1539 transferri,
794 1466 830 1524 ad
846 1467 939 1543 ipsum
956 1466 1065 1524 fontem

69 1557 99 1606 et
112 1557 200 1626 caput
215 1549 316 1623 regni,
331 1548 380 1606 nbi
395 1557 423 1607 et
433 1548 581 1626 Olympias
598 1558 694 1623 esset,
707 1556 799 1606 mater
813 1547 991 1623 Alexandri,
1006 1566 1064 1607 non
1076 1560 1111 1611 12

70 1632 221 1689 mediocre
241 1640 414 1690 momentum
431 1634 571 1707 partium,
595 1642 624 1691 et
639 1634 744 1691 civium
760 1631 844 1689 favor
858 1639 981 1709 propter
996 1631 1066 1690 Ale·

68 1714 170 1773 xandri
181 1709 364 1791 Philippique
379 1715 507 1773 nomina:
528 1716 623 1775 sedin
638 1734 699 1775 rem
715 1716 806 1772 visum
822 1723 868 1773 est
883 1713 1111 1793 abAegypt013

69 1799 216 1874 incipere,
239 1814 276 1855 ne
292 1799 320 1855 in
336 1796 534 1857 Macedoniam
550 1800 691 1876 proiectis
705 1797 775 1856 Asia
798 1815 813 1855 a
831 1797 999 1857 Ptolemaeo
1016 1816 1065 1857 oo·

70 1889 235 1958 cuparetur.
286 1880 408 1940 Eumeni
435 1891 553 1959 praeter
579 1883 759 1959 provincias,
791 1897 862 1957 quas
894 1890 1061 1957 acceperat,
1076 1893 1111 1944 14

71 1963 269 2042 Paphlagonia
294 1974 323 2024 et
344 1962 428 2025 Caria
451 1973 480 2024 et
501 1965 588 2040 lycia
612 1975 641 2025 et
663 1965 787 2040 Phrygia
809 1964 979 2024 adiciuntur.
1018 1964 1062 2024 lbi
1075 1977 1111 2028 15

70 2048 211 2107 Crateron
231 2057 260 2107 et
282 2049 462 2128 Antipatrum
484 2050 615 2126 opperiri
636 2048 766 2108 iubetur:
788 2049 936 2107 adiutores
952 2049 980 2106 ei
997 2047 1065 2107 dan·

69 2141 116 2190 tur
137 2149 199 2188 oum
223 2133 400 2191 exercitibus
420 2133 511 2190 irater
531 2133 691 2191 Perdiccae
708 2130 829 2190 Alcetas
852 2141 881 2189 et
903 2130 1065 2208 Neoptole-

14 2259 20 2265 ,
70 2231 147 2281 mus;
180 2212 258 2272 Clito
279 2233 348 2274 cura
369 2216 621 2280 elassistraditur;
651 2212 753 2271 Cilicia
773 2213 905 2273 Philotae
930 2214 1063 2292 adempta
1075 2225 1110 2278 16

70 2297 231 2356 Philoxeno
245 2297 341 2364 datur;
357 2299 421 2375 ipse
438 2297 576 2356 Perdicca
593 2295 759 2372 Aegyptum
776 2315 840 2356 oum
853 2300 962 2375 ingenti
981 2317 1065 2358 exer·

71 2383 128 2439 citu
148 2383 229 2458 petit.
268 2382 317 2440 Sic
331 2379 501 2440 dlaoedonia
518 2382 546 2439 iu
567 2380 637 2439 duas
653 2387 751 2456 partes
769 2380 997 2445 discurrentibus
1012 2381 1062 2441 du·
1075 2391 1108 2447 17

70 2463 151 2523 cibus
170 2466 197 2522 in
212 2483 263 2525 sua
283 2466 397 2524 viscera
421 2473 560 2541 armatur,
580 2463 748 2540 ferrumque
768 2461 803 2520 ab
820 2462 919 2524 hostili
936 2465 1016 2526 bello
1038 2468 1067 2524 in

71 2547 183 2606 civilem
210 2550 378 2625 sanguinem
405 2550 507 2623 vertit,
551 2547 686 2623 exemplo
718 2545 870 2605 furentium
901 2556 1000 2608 manus
1032 2568 1067 2608 ac

70 2630 196 2688 membra
214 2649 265 2690 sua
281 2633 343 2709 ipsa
365 2650 496 2694 caesura.
531 2630 591 2691 Sed
606 2628 790 2689 Ptolemaeus
805 2630 834 2689 in
849 2631 987 2710 Aegypto
1004 2631 1062 2692 sol·
1076 2642 1111 2697 18

71 2712 137 2771 lerti
161 2712 298 2772 industria
324 2732 442 2791 magnas
468 2732 542 2792 opes
560 2715 696 2792 parabat:
730 2715 839 2791 qnippe
857 2724 886 2774 et
901 2715 1065 2793 Aegyptios
1076 2726 1110 2780 19

70 2794 174 2871 insigni
198 2795 397 2855 moderatione
424 2799 452 2856 in
481 2799 611 2857 favorem
635 2799 680 2857 sni
702 2797 910 2857 sollicitaverat
932 2807 961 2856 et
977 2816 1065 2874 reges

1 2923 4 2926 .
71 2879 205 2938 finitimos
226 2880 376 2940 beneficiis
394 2882 602 2959 obsequiisque
624 2881 809 2948 devinxerat;
837 2881 977 2940 terminos
994 2891 1112 2979 quo-20

71 2981 127 3041 que
138 2965 254 3041 imperis
245 2965 408 3042 adquisita
424 2961 539 3039 Cyrene
555 2964 628 3024 urbe
644 2965 832 3042 ampliaverat
842 2963 1019 3040 factusque
1011 2982 1065 3022 ram

69 3056 164 3107 tantus
181 3057 259 3123 erat,
285 3058 388 3108 utnon
405 3058 463 3107 tam
480 3049 596 3107 timeret
613 3048 726 3107 hostem
728 3065 828 3139 quam
842 3047 1009 3107 timendus
1000 3065 1065 3124 rpse

70 3129 202 3190 hostibus
218 3142 307 3191 esset.

133 3217 162 3273 7.
186 3212 303 3289 Cyrene
332 3226 426 3279 autem
448 3217 563 3275 condita
583 3216 636 3274 iuit
657 3214 693 3273 ab
715 3213 867 3289 Aristaeo,
898 3213 944 3273 oui
960 3226 1091 3275 nomen}

71 3296 154 3356 Batto
166 3308 289 3375 propter
304 3299 419 3376 linguae
438 3298 646 3376 obligationem
659 3298 719 3357 fuit.
749 3295 838 3358 liuius
853 3306 937 3378 pater
948 3294 1094 3369 Girnus,2

71 3387 125 3439 re'x
142 3379 256 3439 Therae
278 3381 405 3458 insulae,
427 3383 542 3443 eumad
558 3382 704 3442 oraculum
722 3379 855 3459 Delphos
875 3390 997 3460 propter
1013 3381 1062 3440 de·

71 3464 162 3525 decus
189 3463 385 3524 adulescentis
404 3465 459 3525 filii
488 3466 613 3526 nondum
636 3463 783 3542 loquentis
811 3467 896 3526 deum
922 3465 1063 3542 depreca-
