2442 3975
100 181 129 233 11
141 183 196 235 aa
223 250 226 258 Ι
445 191 535 238 msa.
551 191 646 255 aare.
661 192 752 239 naus.
1060 184 1099 242 17

100 342 185 421 pem,
205 340 335 401 hortatur
358 341 479 401 comites
499 343 665 420 frustraque
686 354 714 404 et
732 345 816 404 Ponti
838 345 929 419 sinum
951 355 980 405 ct
999 347 1099 407 Asiam

98 425 254 486 edomitam
275 443 343 485 esse
362 425 446 501 dicit,
468 427 492 483 si
508 425 684 486 Graecorum
704 445 760 487 uon
777 437 833 486 tam
850 427 936 488 bellis
953 447 1037 507 quam
1052 450 1097 491 ra·

100 511 176 588 pinis
199 517 326 586 pateant.
364 507 640 567 Auxilium-deiude
664 529 680 570 a
705 511 832 587 Sagylo,
855 529 928 587 rege
950 512 1139 589 Scythiae,27

100 592 187 671 petita
203 609 296 667 genus
314 592 484 665 Scytharum
501 610 584 652 esse:
613 591 723 652 cladem
738 596 878 670 virorum,
894 597 1096 661 necessitatem

94 692 258 750 armorum,
288 674 358 735 belli
383 693 485 734 causas
508 675 650 752 ostendit,
675 676 887 755 adsecutasque
909 678 1031 753 virtute,
1060 697 1096 738 ne

100 759 254 834 segniores
274 760 344 817 viris
364 758 487 817 feminas
508 758 619 817 babere
637 760 763 834 Scythae
787 760 963 820 uiderentur.
1001 761 1139 828 llotusas

98 843 149 903 ille
165 841 323 901 domestica
335 841 435 917 gloria
452 842 535 900 mittit
549 859 613 900 cum
636 842 746 918 ingenti
761 844 890 920 equitatu
905 843 993 902 filium
1007 843 1095 903 Pana·

99 942 236 1001 sagorum
266 927 294 983 in
325 925 469 987 auxilium.
511 924 549 983 Et
572 933 638 984 ante
662 926 804 1003 proelium
828 927 1009 987 dissensione
1032 936 1138 995 ortano

96 1007 135 1068 ab
150 1008 265 1077 auxiliis
280 1007 414 1067 desertae
429 1006 509 1067 bello
525 1007 560 1065 ab
573 1007 800 1068 Atheniensibus
812 1010 976 1069 vincuntur:
993 1024 1139 1088 recep-30

98 1091 223 1152 taculum
245 1102 340 1151 tamen
369 1090 497 1150 habuere
526 1099 621 1149 castra
649 1092 811 1169 sociorum,
841 1110 963 1170 quorum
986 1093 1094 1152 auxilio

97 1177 223 1235 intactae
242 1174 279 1235 ab
303 1175 367 1234 aliis
386 1172 522 1256 gentibus
536 1174 565 1231 in
586 1192 708 1250 regnum
724 1184 915 1234 revertuntur.
946 1174 1017 1235 Post
1032 1175 1136 1243 Ori-31

97 1258 194 1332 thpam
208 1257 392 1317 Penthesilea
412 1275 507 1333 regno
527 1258 617 1334 potita
634 1266 695 1334 est,
721 1260 801 1318 cuius
815 1258 941 1318 Troiano
959 1258 1039 1318 bello
1053 1260 1094 1319 iu·

97 1351 143 1400 ter
159 1341 331 1401 fortissimos
346 1342 442 1415 viros,
459 1358 521 1399 cum
535 1341 670 1400 auxilium
685 1341 826 1401 adversus
842 1342 973 1403 Graecos
992 1341 1093 1418 ferret,

97 1442 201 1500 magna
224 1425 336 1483 virtutis
358 1424 528 1483 documenta
552 1425 686 1484 extitere.
718 1424 875 1484 Interfecto
896 1424 1000 1484 deinde
1022 1424 1137 1490 Pensa

97 1507 220 1567 thesilea
239 1508 427 1585 exercituque
447 1507 510 1566 eius
531 1506 683 1586 absumpto
698 1526 828 1586 paucae,
852 1525 926 1584 quae
948 1509 976 1566 in
999 1524 1093 1583 regno

97 1596 311 1666 remanserant,
333 1608 424 1666 aegre
448 1608 481 1648 se
503 1589 657 1649 adversum
679 1590 813 1649 finitimos
836 1589 1027 1650 defendentes
1047 1608 1093 1649 us·

98 1692 155 1751 que
177 1673 213 1732 ad
236 1683 367 1751 tempora
382 1673 542 1733 Alexandri
555 1673 655 1748 llagni
674 1672 859 1732 duraverunt.
892 1674 999 1733 Harum
1013 1674 1138 1739 itini-aa

97 1759 165 1832 tbya
188 1758 251 1815 sive
268 1755 428 1816 Thalestris
452 1757 570 1832 regina,
595 1755 752 1815 concubitu
770 1756 931 1815 Alexandri
953 1775 1007 1835 per
1031 1757 1094 1816 dies

97 1840 235 1899 tredecim
258 1839 294 1899 ad
315 1839 447 1900 subolem
469 1858 506 1898 ex
531 1857 568 1898 co
597 1838 792 1915 generandam
814 1839 950 1914 obtento,
972 1858 1092 1898 reversa

97 1925 125 1982 in
141 1941 261 2000 regnum
279 1922 360 1983 brevi
378 1933 510 2001 tempore
530 1940 593 1981 curn
605 1923 682 1981 omni
694 1921 871 1981 Amazonum
883 1923 997 1981 nomine
1008 1922 1093 1980 inter·

99 2007 177 2067 cidit.

71 2090 74 2094 ’
160 2092 189 2148 5.
216 2090 343 2163 Scythae
363 2098 458 2149 autem
478 2091 562 2148 tertia
585 2087 775 2166 expeditione
795 2087 903 2147 Asiana
926 2100 990 2147 nrm
1012 2088 1125 2150 annisl

97 2182 167 2232 octo
190 2190 206 2230 a
228 2171 399 2248 coniugibus
428 2181 458 2231 et
485 2172 586 2231 liberis
613 2172 769 2247 aluissent,
797 2170 897 2230 servili
917 2169 996 2230 bello
1018 2169 1095 2228 domi

97 2256 296 2332 excipiuntur?
320 2257 429 2334 quippe
453 2257 594 2332 coniuges
609 2272 710 2314 eorum
724 2254 814 2329 longa
830 2256 1035 2332 expectatione
1050 2254 1091 2312 vi·
1110 2263 1127 2314 2

96 2356 195 2398 rorum
212 2338 311 2397 fessae
326 2357 381 2398 nec
397 2340 452 2398 iam
465 2341 559 2398 teneri
577 2338 673 2414 bello,
695 2337 749 2397 sed
771 2337 885 2397 deletos
903 2345 983 2396 ratae
999 2338 1094 2397 servis

97 2422 133 2482 ad
151 2422 309 2482 custodiam
325 2440 467 2502 pecorum
481 2422 592 2482 relictis
605 2420 728 2496 nubunt,
745 2423 792 2498 qui
807 2438 946 2481 reversos
959 2438 1023 2481 cum
1035 2421 1094 2480 vic·
1111 2418 1128 2484 3

97 2507 171 2566 toria
191 2506 323 2566 dominos
345 2506 426 2565 velut
445 2505 572 2566 advenas
588 2506 689 2565 armati
696 2502 807 2564 finibus
829 2504 994 2583 prohibent.
1027 2505 1128 2579 Qui-4

96 2588 229 2649 boscum
247 2591 327 2648 varia
349 2591 472 2648 victoria
494 2588 614 2664 fnisset,
639 2588 828 2647 admonentur
843 2586 971 2661 Scythae
985 2597 1096 2648 mutare

95 2690 190 2748 genus
212 2689 345 2750 pugnae,
367 2689 512 2731 memores
527 2688 585 2730 non
601 2689 666 2730 cum
680 2671 828 2747 hostibus,
852 2671 904 2730 sed
922 2690 986 2731 cum
1002 2671 1096 2729 servis
1141 2741 1144 2746 Ι

97 2753 316 2832 proeliandum,
331 2771 388 2812 nec
405 2772 561 2831 armornm,
578 2754 631 2814 sed
646 2754 824 2815 dominorum
838 2756 901 2814 iure
918 2752 1094 2813 vincendos:

97 2834 223 2895 verbera
244 2838 272 2894 iu
297 2836 405 2911 aciem,
435 2853 493 2895 non
515 2837 795 2914 armaadferenda,
823 2836 991 2913 omissoque
1015 2834 1095 2892 ferro
1139 2867 1142 2871 -

97 2921 198 2995 virgas
225 2929 255 2979 et
269 2919 387 2996 flagella
411 2928 567 2999 ceteraque
590 2920 706 2980 servilis
727 2931 820 2980 metus
843 2917 970 2998 paranda
992 2917 1116 2975 iusim-¹

96 3012 201 3062 menta.
232 3003 359 3064 Probata
377 3020 478 3062 omnes
494 3005 617 3065 consilio
639 3004 788 3081 instructi,
811 3005 886 3064 sicut
906 3007 1127 3078 praeceptum5

96 3095 177 3162 erat,
192 3097 346 3165 postquam
359 3087 396 3147 ad
413 3087 527 3147 bostem
541 3106 717 3164 accessere,
738 3083 954 3165 inopinantibus
970 3081 1096 3142 verbera

97 3169 219 3230 intenta:
242 3170 376 3249 adeoque
389 3171 457 3230 illos
473 3171 676 3249 perculerunt,
698 3180 728 3230 ut
749 3187 825 3249 quos
840 3169 920 3228 ferro
937 3184 995 3226 non
1014 3173 1095 3243 pote·

97 3260 176 3328 rant,
203 3262 280 3312 metu
301 3253 457 3313 verberum
479 3256 645 3329 vincerent,
672 3254 831 3330 fugamque
856 3267 914 3310 non
946 3257 976 3307 ut
995 3248 1097 3308 hostes

96 3334 181 3410 victi,
198 3335 249 3394 sed
265 3345 295 3395 ut
309 3337 424 3414 fugitivi
440 3337 518 3396 servi
534 3345 733 3415 capesserent.
765 3337 945 3412 Quicumque
963 3332 1029 3409 capi
1045 3347 1095 3408 po·
1111 3336 1129 3391 6

96 3425 229 3494 tnerunt,
253 3420 397 3498 supplicia
420 3419 556 3479 crucibus
578 3419 702 3478 luerunt.
733 3418 871 3482 Mulieres
888 3433 1006 3495 quoqne
1021 3412 1127 3476 malci

138 3519 302 3564 maumas.
914 3501 934 3559 2
