2442 3975
147 267 207 329 100
510 277 764 326 rnocrromrsr
1010 249 1139 320 illunc

116 430 193 495 aubi
209 429 324 502 cadam,
348 437 377 486 et
393 446 450 503 ego
466 428 549 486 fuero
563 430 715 503 ignominia
735 430 834 487 mortis
851 425 1000 486 liberatus.
1036 418 1104 485 Hoc'
1115 428 1140 485 si

145 511 276 589 inpetro,
301 511 385 570 solvo
407 528 460 568 vos
483 512 703 587 iureiurando,
726 513 859 589 quotiens
881 528 934 569 vos
958 519 1139 569 sacramento

116 595 211 660 smihi
233 594 400 654 devovistis.
441 593 498 652 Aut
520 595 543 651 si
564 595 645 670 ipsos
666 596 754 672 pudet
775 596 889 670 roganti
904 585 968 651 ¹vim
989 590 1138 666 adhibere,

144 678 252 736 ferrum
273 678 329 736 huc
353 677 418 737 date
441 685 470 734 et
492 678 663 752 permittite,
691 678 767 753 quod
787 694 841 736 vos
864 676 991 735 facturos
1014 692 1067 751 pro
1088 677 1138 732 im·

144 769 280 837 peratore
295 760 426 833 iurastis,
443 761 644 836 imperatorem
660 778 712 835 pro
729 759 813 818 vobis
830 760 890 816 sine
914 758 1056 833 religione
1070 758 1138 815 iuris

117 843 255 908 9iurandi
277 842 401 901 iacere.²
439 839 509 900 Cum
524 858 580 899 non
596 842 758 915 obtineret,
785 860 890 920 preces
910 843 938 898 in
954 842 1023 898 iram
1042 842 1136 897 vertit.

103 926 197 988 10‘At
212 929 283 983 vos*
301 926 349 999 ait,
373 925 491 984 ‘devota
508 926 611 1001 capita,
629 926 786 1001 respiciant
801 925 829 983 di
846 924 1035 1002 periuriorum
1049 921 1137 980 vindi·

146 1027 197 1067 ces
220 1008 353 1085 talesque
374 1006 458 1066 vobis
480 997 572 1064 exitus*
594 1008 678 1081 deut,
698 1008 799 1083 quales
820 1024 874 1065 vos
890 1006 1010 1065 ducibus
1032 1004 1138 1064 vestris

102 1103 135 1153 il
148 1090 277 1149 dedistis.
314 1089 426 1166 Nempe
439 1107 492 1147 vos
509 1089 583 1147 idem
599 1089 686 1166 paulo
703 1099 767 1148 ante
783 1100 812 1148 et
825 1090 982 1149 Perdiccae
998 1089 1137 1163 sanguine

103 1175 219 1235 laesus
235 1174 348 1248 aspersi
363 1181 391 1230 et
407 1173 435 1229 iu
449 1171 630 1247 Antipatrum
649 1173 750 1231 eadem
765 1173 999 1260 molitiy'lpsum
1014 1171 1138 1247 denique

144 1254 356 1327 Alexandrum,
375 1257 399 1311 si
422 1254 466 1312 t'as
481 1254 584 1312 luisset
600 1273 664 1313 eum
678 1256 791 1314 mortali
806 1274 888 1314 manu
906 1257 1029 1328 cadere,
1051 1255 1137 1311 inter·

104 1338 285 1413 13empturi,
303 1335 381 1413 quod
398 1338 547 1394 maximum
564 1346 643 1413 erat,
663 1339 851 1398 seditionibus
867 1336 1006 1413 agitastis.
1034 1335 1139 1394 Ultima

144 1437 219 1478 nunc
233 1435 289 1495 ego
311 1416 485 1496 perfidorum
501 1420 617 1478 victima
634 1421 786 1499 has-vobis
808 1422 885 1481 diras
914 1429 1001 1498 atque
1020 1419 1138 1480 inlerias

103 1514 137 1566 14
149 1502 230 1562 dico:
254 1511 283 1561 ut
307 1503 409 1580 inopes
431 1510 622 1579 extorresque
641 1521 724 1562 omne
748 1522 849 1564 aevum
870 1505 897 1561 in
918 1504 975 1562 hoc
998 1500 1138 1561 castrensi

146 1585 234 1645 exilio
258 1587 349 1661 agatis
371 1585 568 1661 devorentque
590 1604 643 1644 vos
665 1605 741 1645 arma
768 1596 882 1658 vestra,
910 1585 1014 1663 quibus
1039 1585 1138 1661 plures

102 1683 135 1734 15
148 1677 261 1728 vestros
285 1686 368 1745 quam
393 1668 517 1727 hostium
539 1668 628 1727 duces
652 1669 874 1747 absumpsistis.’
904 1668 1008 1727 Plenus
1034 1667 1138 1726 deinde

103 1762 137 1816 16
145 1752 187 1810 ira
204 1752 342 1810 custodes
358 1767 427 1809 suos
442 1753 622 1827 praecedere
640 1752 674 1810 ad
691 1752 828 1827 Antigoni
843 1760 939 1812 castra
951 1751 1058 1828 coepit.
1086 1750 1138 1806 Se·

147 1835 241 1912 quitur
266 1833 548 1911 exercitusprodito
574 1835 749 1911 imperatore
773 1853 826 1894 suo
850 1844 879 1893 et
905 1836 969 1912 ipse
996 1832 1137 1910 captivus,

103 1926 134 1980 17
145 1917 374 1995 triumphumque
402 1916 439 1975 de
463 1934 495 1974 se
516 1917 580 1994 ipse
601 1917 637 1975 ad
657 1918 777 1976 victoris
800 1926 895 1976 eastra
924 1917 1016 1991 ducit,
1044 1915 1139 1973 omnia

144 2002 272 2077 auspicia
290 2002 371 2076 regis
385 1998 545 2058 Alexandri
567 2009 596 2059 et
614 2010 656 2059 tot
671 1994 815 2059 bellorum
832 2001 941 2078 palmas
963 1998 1137 2074 laureasque

103 2095 136 2148 18
147 2101 200 2143 una
221 2101 319 2142 secum
342 2083 445 2141 victori
470 2082 634 2141 tradentes:
658 2092 687 2141 et
713 2102 749 2141 ne
772 2083 839 2160 quid
862 2083 979 2142 deesset
1000 2097 1136 2158 pompae,

102 2177 135 2230 19
148 2167 294 2244 elephanti
319 2182 434 2242 quoque
457 2174 485 2223 et
507 2165 612 2223 auxilia
634 2166 784 2225 orientalia
806 2166 1005 2225 subsecuntur.
1045 2162 1136 2221 Tanto

143 2249 290 2325 pulchrior
306 2248 379 2307 haec
401 2247 547 2323 Antigono
563 2266 646 2325 quam
669 2248 837 2308 Alexandro
855 2258 898 2309 tot
913 2249 1052 2306 victoriae
1075 2245 1136 2303 lue·

143 2340 223 2405 runt,
241 2339 287 2402 ut,
307 2348 371 2389 cum
387 2330 437 2388 ille
456 2333 594 2389 orientem
610 2332 730 2406 vicerit,
748 2330 795 2390 lric
812 2333 898 2390 etiam
914 2349 982 2403 eos,
1002 2348 1017 2389 a
1035 2328 1136 2406 quibus

101 2415 243 2475 accuens
258 2415 350 2470 victus
369 2413 479 2487 fuerat,
497 2415 688 2490 superaverit.
727 2413 816 2490 lgitur
837 2413 998 2487 Antigonus
1015 2411 1137 2470 domito-

142 2513 191 2553 res
207 2494 274 2553 illos
290 2495 369 2553 orbis
385 2497 525 2555 exercitui
546 2513 598 2553 suo
615 2496 729 2574 dividit,
752 2496 870 2554 redditis
892 2510 990 2552 eorum
1014 2511 1087 2569 quae
1110 2494 1138 2551 in
1200 2488 1208 2501 ’

101 2588 133 2640 21
145 2578 267 2637 victoria
289 2587 419 2654 ceperat.
458 2577 615 2637 Eumenem
632 2586 703 2637 vero
719 2577 893 2636 verecundia
914 2577 1020 2653 prioris
1041 2577 1137 2635 amici-

143 2662 199 2720 tiae
215 2662 243 2718 in
260 2669 449 2736 conspectum
467 2679 547 2719 sunm
566 2663 666 2720 venire
681 2660 854 2739 prohibitum
876 2661 1021 2735 adsignari
1040 2668 1136 2718 custo·

143 2744 225 2803 dibus
242 2745 405 2821 praecepit.
1156 2760 1161 2770 ·

116 2838 131 2889 1
207 2827 236 2885 5.
260 2826 375 2885 luterea
396 2824 558 2900 Eurydice,
587 2826 794 2885 uxorAridaei
818 2828 918 2902 regis,
945 2835 976 2885 nt
995 2825 1136 2902 Polyper·

149 2920 234 2971 conta
264 2928 280 2968 a
312 2906 434 2966 Graecia
455 2908 550 2966 redire
571 2910 598 2966 in
620 2907 819 2967 Macedoniam
839 2911 975 2986 cognovit
996 2917 1024 2968 et
1046 2908 1080 2966 ab
1101 2923 1136 2964 eo

118 2992 315 3053 rancessitam
334 2989 520 3067 Olympiada,
544 2990 676 3049 muliebri
692 2992 889 3050 aemulatione
910 2992 1061 3069 perculsa,
1087 2988 1136 3047 ab·
1179 3024 1182 3029 ·

142 3084 225 3133 utens
241 3074 406 3133 valetudine
423 3075 487 3146 viri,
510 3074 590 3132 cuins
606 3073 702 3132 oiticia
720 3074 774 3132 sibi
790 3075 961 3151 vindicabat,
977 3074 1076 3133 scribit
1090 3090 1136 3130 re·

116 3159 190 3235 egis
211 3158 324 3215 nomine
358 3153 582 3231 Polyperconti:
613 3154 776 3215 Cassandro
799 3160 958 3216 exercitum
975 3156 1084 3229 tradat,
1109 3156 1139 3212 in

142 3256 228 3316 quem
242 3240 325 3314 regui
348 3239 621 3298 administrationem
641 3257 695 3297 rex
709 3239 894 3298 transtulerit.
929 3239 1037 3298 Eadem
1060 3247 1088 3297 et
1109 3238 1140 3300 in

114 3323 242 3384 4Asiam
263 3321 410 3396 Antigono
433 3339 486 3399 per
507 3320 647 3399 epistulas
668 3322 799 3379 nuntiat·
831 3322 896 3393 Quo
919 3322 1063 3380 beneficio
1087 3321 1138 3379 de·

98 3464 102 3473 .
125 3406 256 3471 ,vinetus
275 3402 439 3462 Cassander
461 3404 529 3463 nihil
552 3420 608 3462 uon
633 3422 670 3462 ex
695 3403 813 3463 arbitrio
829 3404 977 3463 muliebris
998 3404 1138 3463 audaciae

116 3481 229 3557 egerit.
263 3483 338 3541 Dein
354 3485 503 3560 profectus
523 3486 552 3543 in
567 3484 716 3544 Graeciam
737 3486 832 3544 multis
851 3487 1012 3547 civitatibus
1028 3486 1140 3547 bellum
