2442 3975
162 163 224 228 186
532 174 641 223 uaocr
655 175 787 225 aeream
938 168 1155 226 xxxvmm

160 329 255 404 dium,
280 345 337 407 quo
352 329 497 388 ministro
510 346 578 388 usus
600 329 630 386 in
645 327 798 388 Ariarathe
819 328 1020 406 interficiendo
1042 330 1156 411 iuerat,

154 413 313 472 'restituere
326 412 353 468 in
367 412 488 488 patriam
496 411 592 486 velle,
605 427 743 488 sperans,
756 413 782 469 si
794 410 953 470 obsisteret
963 412 1152 493 adulescens,

161 513 263 554 causas
278 493 348 552 helli
363 494 486 570 futuras,
505 503 569 568 aut,
587 496 611 552 si
627 495 822 570 permitteret,
850 512 904 571 per
920 495 1043 569 eundem
1058 497 1152 558 lilium

127 587 145 642 7
160 578 223 657 tolli
240 594 346 655 posse,
364 595 419 654 per
434 595 518 656 quem
533 576 721 636 interfecerat
735 586 854 652 patrem.
901 576 986 649 Quod
1000 578 1049 638 uhi
1062 574 1149 640 Aria·

158 661 256 721 rathes
272 659 366 719 iunior
379 659 473 719 moliri
490 660 644 736 cognovit,
658 660 789 735 graviter
809 661 908 718 ferens
928 661 1149 723 interfectorem

158 745 249 822 patris
261 760 314 821 per
326 743 495 802 avunculum
507 744 686 821 potissimum
698 742 734 801 ah
746 743 835 801 exilio
847 746 993 820 revocari,
1001 746 1148 821 ingentem

127 837 146 891 8
161 827 320 886 exercitum
336 825 486 884 contrahit.
530 825 621 902 Igitur
637 843 701 883 cum
716 827 744 883 in
759 827 851 884 aciem
871 825 1022 886 eduxisset
1036 827 1147 888 Mithri·

157 910 239 969 dates
254 908 381 988 peditum
395 904 499 967 LXXX
514 908 606 978 milia,
624 910 751 985 equitum
762 906 804 984 X,
822 926 923 967 currus
940 910 1064 969 falcatos
1078 930 1147 971 sax·

157 1001 274 1068 centos,
298 1009 354 1050 aec
368 990 518 1050 Ariarathi
530 989 732 1069 auxiliantibus
747 992 872 1050 finitimis
887 992 1006 1068 regibus
1018 996 1147 1054 minores

158 1078 261 1152 copiae
283 1082 397 1148 essent,
421 1077 561 1133 incertum
584 1073 655 1133 belli
679 1076 781 1133 timeus
809 1074 932 1134 consilia
960 1075 996 1134 ad
1025 1076 1147 1137 insidias

125 1157 291 1221 9transfert
305 1157 523 1233 sollicitatoque
539 1158 644 1215 iuvene
665 1157 702 1216 ad
725 1157 927 1234 conloquium,
951 1177 1014 1216 cum
1035 1160 1147 1219 ferrum

156 1240 329 1302 occultatum
358 1240 433 1299 inter
453 1240 560 1299 fascias
586 1248 721 1316 gereret,
753 1241 906 1299 scrutatori
929 1241 966 1300 ah
987 1242 1147 1302 Ariarathe

155 1324 238 1400 regio
254 1338 335 1381 more
352 1323 441 1380 misso
464 1323 606 1382 curiosius
625 1324 711 1381 imum
734 1333 863 1382 ventrem
879 1326 1065 1400 pertractanti
1088 1328 1145 1384 ait:

66 1428 74 1437 ·
113 1414 292 1480 locaverat,
315 1424 353 1465 ne
367 1405 448 1464 aliud.
465 1404 553 1464 telum
573 1407 715 1464 inveniret
736 1425 819 1484 quam
836 1415 1000 1483 quaereret.
1045 1406 1146 1485 Atque

154 1490 193 1548 ita
208 1491 267 1559 risu
290 1489 431 1567 protectis
453 1488 562 1547 insidiis
578 1498 747 1548 sevocatum
761 1490 803 1548 ab
823 1490 921 1548 amicis
942 1490 1021 1549 velut
1045 1491 1080 1549 ad
1094 1509 1145 1550 se·
1179 1508 1182 1515 ·

156 1581 265 1631 cretum
287 1588 450 1630 sermonem
478 1572 661 1649 inspectante
684 1581 807 1650 utroque
834 1574 965 1632 exercitu
990 1574 1143 1633 interficit:

156 1673 274 1731 regnum
296 1654 503 1732 Cappadociae
525 1663 592 1714 octo
617 1673 754 1713 annorum
770 1654 830 1715 filio
842 1656 969 1733 inposito
981 1655 1142 1715 Ariarathis

154 1739 267 1797 nomine
282 1737 437 1814 additoque
454 1738 481 1795 ei
491 1746 608 1797 rectore
623 1738 730 1798 Gordio
745 1737 869 1797 tradidit.

124 1832 139 1882 1
216 1820 245 1878 2.
268 1820 327 1879 Sed
346 1818 539 1898 Cappadoces
556 1820 727 1880 crudelitate
742 1838 777 1879 ac
788 1820 905 1880 libidine
925 1822 1141 1897 praefectorum

153 1905 251 1963 vexati
263 1921 278 1962 a
289 1903 451 1963 Mithridate
465 1904 600 1963 deficiunt
613 1904 791 1980 fratremque
803 1906 893 1980 regis,
909 1913 938 1965 et
952 1907 1044 1982 ipsum
1057 1904 1141 1964 Aria·

123 1986 254 2046 arathen
275 1989 399 2061 nomine,
416 1985 452 2047 ab
464 1983 552 2062 Asia,
567 1986 615 2047 ubi
627 1986 813 2063 educabatur,
830 1998 986 2062 revocant,
1002 2006 1065 2048 cum
1082 2007 1141 2065 quc

152 2069 332 2129 Mithridates
348 2070 490 2147 proelium
507 2081 629 2131 renovat
645 2073 809 2147 victumque
825 2089 918 2147 regno
935 2070 1141 2149 Cappadociae

154 2153 284 2229 expellit.
311 2151 375 2211 Nec
389 2154 478 2212 multo
490 2163 558 2229 post
574 2153 748 2213 adulescens
764 2172 801 2212 cx
816 2156 997 2230 aegritudine
1014 2154 1141 2214 collecta

122 2235 315 2299 3inlirmitate
331 2236 456 2295 decedit.
473 2236 544 2295 Post
557 2237 639 2296 huius
651 2246 773 2295 mortem
784 2237 957 2296 Nicomedes
968 2240 1086 2312 timens,
1103 2257 1141 2297 ne

152 2313 333 2376 Mithridates
353 2321 525 2379 accessione
547 2318 752 2397 Cappadociae
775 2321 859 2378 etiam
880 2320 1039 2393 Bithyniam
1054 2321 1140 2379 liniti·

152 2417 225 2458 mam
251 2401 415 2477 invaderet,
441 2402 579 2461 subornat
607 2420 726 2481 puerum
756 2405 877 2461 eximiae
906 2402 1141 2481 pulchritudinis,

153 2484 236 2558 quasi
250 2479 419 2543 Aiiarathes
431 2494 507 2559 tres,
520 2503 577 2544 non
592 2486 664 2545 duos
677 2486 752 2545 lilios
765 2487 929 2561 genuisset,
948 2488 996 2561 qui
1008 2503 1023 2543 a
1037 2496 1141 2547 senatu

123 2564 280 2628 ‹lllcmano
300 2575 446 2643 paternum
461 2586 581 2644 regnum
601 2579 725 2645 peteret.
754 2568 881 2627 Uxorem
903 2586 1021 2645 quoque
1036 2568 1141 2629 Laudi·

152 2665 207 2707 cerr
218 2647 337 2707 Romam
354 2651 437 2709 mittit
453 2650 489 2710 ad
504 2653 696 2711 testimonium
707 2654 789 2728 trium
802 2670 839 2711 ex
851 2651 1005 2711 Ariarathe
1017 2669 1140 2729 suscep-

120 2740 244 2795 5tcru1n
262 2731 394 2791 filiorum.
424 2731 510 2805 Quod
525 2734 571 2793 ubi
583 2733 761 2794 Mithridates
783 2735 936 2810 cognovit,
953 2744 983 2794 et
1000 2736 1063 2810 ipse
1077 2737 1140 2811 pari

151 2815 316 2894 inpudentia
341 2814 477 2875 Gordium
501 2816 621 2876 Romam
646 2819 743 2893 mittit,
771 2819 819 2894 qui
846 2819 958 2876 senatui
983 2817 1140 2876 adseveret

151 2916 288 2976 puerum,
313 2901 358 2957 cui
378 2896 585 2977 Cappadociae
603 2918 721 2977 regnum
740 2900 914 2974 tradiderat,
936 2918 974 2959 ex
997 2917 1033 2957 eo
1054 2898 1138 2958 Aria-

149 2982 232 3042 rathe
254 2982 399 3058 genitum,
417 2984 466 3059 qui
484 2981 563 3042 hello
580 2982 738 3042 Aristonici
758 2982 864 3044 auxilia
879 2982 1016 3042 Romanis
1038 2982 1137 3041 ferens

118 3074 139 3126 o
151 3064 317 3123 cecidisset.
342 3065 401 3125 Sed
414 3075 529 3125 senatus
544 3066 639 3125 studio
653 3084 753 3140 regum
768 3065 929 3141 intellecto,
942 3064 1036 3125 aliena
1047 3082 1138 3141 regua

149 3146 233 3205 falsis
248 3149 407 3207 nominihus
423 3148 590 3223 furantium,
607 3148 762 3208 Mithridati
778 3146 994 3226 Cappadociam
1006 3156 1035 3205 et
1050 3145 1139 3206 Nico·

120 3229 227 3291 imedi
250 3229 286 3288 ad
308 3229 418 3289 solacia
437 3233 498 3290 eius
513 3231 736 3309 Paphlagoniam
757 3231 872 3290 ademit.
915 3230 960 3290 Ac
980 3249 1017 3289 nc
1038 3239 1137 3289 contu·

148 3311 234 3369 melia
251 3329 354 3388 regum
368 3312 444 3373 foret
461 3314 625 3393 ademptum
643 3315 714 3390 illis,
731 3315 808 3391 quod
826 3314 944 3373 daretur
961 3313 1041 3386 aliis,
1059 3322 1137 3371 uter-

65 3407 68 3413 ·
118 3400 207 3466 eque
226 3393 351 3468 populus
366 3395 500 3455 libertate
515 3396 637 3456 donatus
652 3406 707 3456 est.
750 3396 810 3458 Sed
827 3394 1021 3474 Cappadoces
1036 3413 1139 3455 munus
