2442 3975
84 233 172 320 ml
186 238 263 289 2-4
388 311 392 329 Ι
428 244 520 302 rursu.
535 245 629 293 rurs.
642 247 732 293 serr.
1018 239 1076 301 165

85 413 175 455 naves
191 412 255 454 curn
279 395 438 471 remigibus
459 397 577 457 occulto
596 399 657 456 sinu
683 397 777 457 litoris
795 399 995 471 absconditas;
1014 414 1077 464 erat

85 485 114 536 et
128 478 248 554 grandis
261 479 289 536 in
304 495 340 536 eo
358 495 431 556 agro
447 481 571 556 pecunia
588 491 777 558 praeparata,
796 490 842 557 ut,
860 501 922 542 cum
940 503 988 545 res
1006 506 1075 546 exe-

84 564 192 638 gisset,
208 578 265 619 nec
279 560 403 620 facultas
421 562 518 637 lugam
533 581 588 621 nec
609 564 707 640 inopia
721 574 891 623 moraretur.
921 566 1009 627 Lecta
1023 571 1104 646 igi-5

85 654 130 702 tur
146 660 298 703 servorum
312 637 479 720 iuventute,
497 662 619 724 quorum
634 647 748 723 copiam
764 646 929 706 Italicorum
945 653 1060 727 captivo

84 744 147 784 rum
164 744 298 785 numerus
315 726 456 802 augebat,
472 746 574 786 navem
591 731 762 789 conscendit
778 747 950 809 cursumque
967 732 1001 791 ad
1018 734 1075 791 An·

84 805 212 868 tiochum
229 809 335 884 dirigit.
365 809 486 869 Postera
503 811 548 869 die
565 813 667 870 civitas
683 814 843 890 principem
865 831 945 872 suum
967 832 1002 873 ac
1017 825 1103 880 turno

85 893 224 976 temporis
240 892 389 950 consulem
405 893 433 950 in
447 893 512 951 ioro
530 894 732 971 exspectabat.
761 895 852 968 Quem
868 905 898 955 ut
912 897 1101 973 proiectumt
1143 958 1157 978 Ι

85 977 239 1033 nuntiatum
257 984 320 1049 est,
344 991 401 1032 uon
422 976 505 1036 aliter
525 994 608 1054 quam
630 978 654 1035 si
669 977 738 1036 urbs
756 989 839 1056 capta
857 989 953 1054 esset,
975 998 1075 1040 omnes

84 1057 270 1134 trepidavere
287 1059 498 1137 exitiosamque
515 1059 569 1118 sibi
590 1059 687 1136 lugam
709 1063 770 1120 eius
787 1062 902 1121 ominati
918 1073 990 1121 sunt.
1021 1063 1103 1129 lue-8

83 1149 169 1216 gatus
192 1158 263 1199 vero
280 1139 445 1218 Romanus,
468 1144 550 1219 quasi
570 1144 625 1202 iarn
645 1142 753 1202 bellum
776 1145 891 1204 inlatum
915 1144 1016 1205 ltaliae
1038 1147 1073 1206 ab

84 1221 227 1282 Annibale
244 1233 340 1298 esset,
357 1226 461 1284 tacitus
476 1225 596 1283 Romam
610 1226 773 1301 regreditur
787 1229 987 1306 trepidumque
1004 1247 1072 1287 nun·

83 1308 152 1365 tium
168 1306 268 1365 refert.

148 1388 176 1450 3.
205 1388 322 1449 Interim
352 1391 380 1448 iu
400 1388 521 1450 Graecia
543 1389 718 1451 Flamininus
744 1393 838 1452 iuncta
868 1411 930 1453 cum
954 1394 1099 1473 quibus-1
1205 1410 1210 1418 '

83 1471 146 1531 dam
171 1473 336 1532 civitatibus
361 1474 503 1533 societate
527 1473 668 1534 Nabidem
698 1484 846 1549 tyrannum
868 1475 980 1535 duobus
1005 1494 1072 1536 cou-
1118 1543 1121 1551 ,

82 1556 169 1613 tinuis
185 1555 306 1631 proeliis
329 1555 435 1631 subigit
453 1566 491 1614 et·
502 1559 632 1631 graviter
656 1557 777 1616 inactum
794 1558 875 1616 velut
893 1577 1072 1635 exsanguem

83 1639 112 1694 in
128 1655 220 1712 regno
235 1638 362 1715 reliquit.
395 1639 454 1697 Sed
471 1639 606 1697 libertate
623 1639 764 1699 Graeciae
779 1642 909 1698 restituta
926 1642 1100 1702 deductis-A

84 1738 140 1797 que
156 1720 191 1777 ab
204 1718 323 1778 urbibus
335 1720 505 1797 praesidiis,
522 1738 585 1779 cum
595 1721 741 1781 Romanus
757 1724 901 1781 exercitus
918 1725 947 1782 in
961 1722 1070 1783 ltaliam

81 1811 248 1879 reportatus
260 1811 358 1878 esset,
373 1802 454 1861 velut
466 1820 556 1862 vacua
571 1822 670 1863 rursus
690 1805 880 1883 possessione
898 1806 1070 1866 sollicitatus

39 1906 41 1911 s
81 1885 185 1944 multas
210 1886 341 1944 civitates
365 1887 517 1963 repentino
539 1886 618 1945 bello
641 1888 755 1946 invasit.
789 1887 900 1960 Quibus
917 1888 1003 1947 rebus
1021 1900 1097 1953 ens

82 1969 175 2028 territi
190 1968 318 2044 Achaei,
334 1987 370 2028 ne
387 1969 511 2028 vicinum
526 1969 629 2029 malum
645 1973 730 2030 etiam
747 1971 827 2031 adse
843 1977 993 2050 serperet,
1009 1971 1070 2032 bel·

82 2053 140 2112 lum
157 2052 298 2111 adversus
313 2050 454 2112 Nabidem
466 2052 625 2111 decernunt
639 2053 798 2131 ducemque
810 2065 974 2133 praetorem
989 2073 1070 2122 suum

81 2135 351 2213 Philopoemenem,
365 2136 483 2211 insignis
497 2136 653 2195 industriae
664 2139 766 2212 virum,
784 2140 973 2197 constituunt:
992 2140 1098 2208 cuiusd

81 2221 111 2277 in
131 2235 167 2277 eo
184 2218 264 2278 bello
283 2227 359 2277 tanta
377 2220 468 2277 virtus
491 2219 607 2293 enituit,
631 2229 660 2279 ut
677 2222 812 2297 opinione
830 2223 952 2279 omnium
967 2219 1071 2279 Flami-

81 2302 149 2360 nino
164 2300 295 2361 Romauo
311 2302 481 2379 imperatori
496 2309 722 2380 compararetur.

143 2383 255 2444 Eodem
267 2394 401 2462 ternpore
411 2384 546 2460 Annibal,
561 2403 625 2444 cum
642 2387 676 2445 ad
689 2385 859 2444 Antiochum
876 2387 1097 2463 pervenisset,5
1161 2451 1171 2462 „

81 2468 162 2527 uelut
177 2468 297 2527 deorum
309 2485 410 2527 munus
424 2469 581 2545 excipitur,
598 2477 751 2546 tantusque
766 2469 828 2525 eius
845 2468 968 2528 adventu
983 2468 1097 2531 ardore

79 2552 181 2611 animis
197 2552 278 2628 regis
294 2554 436 2626 accessit,
456 2560 554 2610 utnon
570 2560 626 2609 tam
642 2551 678 2610 de
692 2551 772 2610 bello
784 2568 867 2627 quam
883 2551 919 2610 de
933 2553 1068 2630 praemiis

82 2634 223 2692 victoriae
242 2635 396 2710 cogitaret.
429 2634 487 2693 Sed
511 2634 654 2707 Annibal,
682 2636 726 2693 cui
746 2643 813 2694 nota
833 2633 961 2695 Romana
978 2637 1095 2696 virtust

83 2725 161 2791 erat,
179 2715 305 2792 negabat
322 2719 446 2795 opprimi
461 2717 607 2777 Romanos
620 2719 674 2776 nisi
689 2716 812 2778 initalia
829 2735 927 2795 posse.
952 2717 998 2776 Ad
1010 2718 1095 2778 hoc&

82 2799 137 2858 sibi
162 2807 275 2857 centum
292 2816 382 2858 naves
405 2808 433 2857 et
458 2800 558 2859 decem
576 2801 653 2860 milia
671 2800 814 2878 peditum,
838 2801 916 2859 mille
943 2801 1069 2876 equitum

81 2881 242 2961 poscebat,
264 2882 432 2959 promittens
458 2878 512 2942 hac
533 2901 616 2943 manu
639 2901 696 2943 uon
722 2886 812 2942 minus
833 2882 955 2955 bellum,
984 2898 1068 2957 quam

80 2966 224 3043 gesserit,
243 2960 344 3023 ltaliae
363 2972 601 3033 restauraturum
622 2976 651 3025 et
670 2968 698 3024 iu
718 2965 789 3026 Asia
806 2967 869 3040 regi
888 2964 1000 3021 sedenti
1022 2970 1097 3025 auto

80 3050 231 3109 victoriam
247 3048 284 3107 de
302 3046 439 3107 Romanis
460 3058 508 3122 aut
526 3067 635 3126 aequas
658 3050 738 3126 pacis
762 3047 946 3107 condiciones
963 3045 1066 3103 relatu·

79 3150 157 3191 rum:
183 3132 291 3210 quippe
314 3139 343 3189 et
362 3130 497 3209 Hispanis
519 3131 598 3190 bello
622 3131 808 3207 flagrantibus
836 3129 936 3187 ducem
958 3137 1063 3187 tantum
1077 3138 1110 3189 10

81 3214 204 3289 deesse,
226 3223 255 3272 et
276 3212 384 3272 ltaliam
407 3217 550 3274 notiorem
565 3214 620 3273 sibi
642 3231 717 3272 nunc
735 3231 818 3290 quam
836 3212 945 3290 pridem
962 3210 1066 3269 luisse:

81 3299 135 3356 sed
149 3315 204 3356 nec
226 3293 429 3371 Carthaginem
444 3299 601 3374 quieturam
620 3298 786 3373 sociamque
804 3314 835 3353 se
859 3295 885 3352 ei
903 3295 965 3351 sine
987 3309 1067 3350 mora

81 3378 284 3457 praebituram.
657 3400 660 3407 ·

144 3463 178 3521 4..
198 3458 268 3520 Cum
284 3461 348 3536 regi
368 3460 489 3521 consilia
513 3462 707 3549 placuissent,
730 3462 847 3520 mittitur
864 3457 1093 3534 Carthagineml
