2442 3975
156 204 218 267 208
523 219 631 266 unoor
647 218 778 265 sonorus
1005 209 1155 264 iltuto

158 372 319 449 exquibus
346 366 486 451 generata
501 379 585 431 'tanta
607 372 739 429 iuventus
761 379 839 444 erat,
866 386 920 447 pro
942 370 1002 449 suis
1019 386 1154 448 quaeque

71 496 74 501 -
115 467 148 520 16
160 456 303 515 sollicitae
320 457 445 514 animum
457 456 536 513 senis
551 453 733 513 obsidebant.
759 453 819 512 Sed
830 453 917 512 iatum
926 453 1059 512 Parthiae
1071 453 1152 527 feeit,

156 540 185 596 in
201 540 325 616 quaiam
336 538 418 616 quasi
427 538 569 606 sollemne
586 547 632 596 est
642 555 732 612 reges
745 535 903 614 parricidas
916 536 1027 611 baberi,
1044 544 1072 593 ut
1088 550 1154 594 soa·

156 622 346 680 leratissimus
355 620 488 694 omnium,
497 629 525 679 et
535 620 762 699 ipsePbrabates
772 621 896 693 nomine,
906 637 958 677 rex
967 626 1151 677 statueretur.

131 716 146 767 1
219 705 248 762 5.
284 704 385 781 ltaque
408 705 518 777 statim,
544 704 626 780 quasi
642 702 836 777 nolletmori,
864 711 974 779 patrem
990 700 1151 768 interiecit;

158 787 265 846 iratres
280 803 397 863 quoque
414 781 761 858 omnes[XXX]trucidat.‘
791 785 849 843 Sed
874 802 929 843 nee
952 786 980 841 in
1005 784 1071 842 liliis
1087 801 1151 841 ees·

71 894 74 899 ⁴
130 878 223 935 usam
238 868 400 948 parricidia.
423 867 495 927 Nam
512 886 576 926 eum
589 868 713 926 infestos
727 868 781 926 sibi
791 869 951 943 optimates
966 877 1088 945 propter
1101 865 1154 925 ud·

158 953 237 1011 sidua
254 952 369 1011 scelera
384 951 515 1026 videret,
536 969 572 1008 ne
588 959 669 1010 esset
685 953 733 1027 qui
748 951 887 1009 nominari
902 968 956 1008 rex
974 958 1087 1027 posset,
1103 947 1154 1007 ad·

129 1036 246 1098 3ultum
264 1035 351 1094 lilium
371 1034 493 1092 interlioi
508 1033 597 1092 iubet.
629 1032 702 1092 Huic
716 1033 857 1095 Antonius
872 1042 993 1111 propter
1018 1032 1155 1092 auxilium

157 1118 298 1176 adversus
310 1135 343 1175 se
359 1124 389 1174 et
399 1113 563 1175 v(laresarem
578 1116 664 1175 latum
679 1115 788 1175 bellum
806 1133 870 1174 eum
891 1116 1020 1175 sedecim
1037 1113 1155 1188 validis·
1208 1183 1212 1191 .

159 1203 237 1258 simis
259 1197 423 1275 legionibus
441 1199 545 1274 intulit,
561 1199 614 1257 sed
638 1200 767 1274 graviter
782 1198 876 1257 multis
889 1199 1009 1275 proeliis
1030 1206 1156 1256 vexatus

128 1294 174 1344 aa
191 1282 302 1341 Parthia
318 1281 435 1357 refugit.
471 1282 534 1355 Qua
550 1282 671 1341 victoria
694 1282 866 1340 insolentior
880 1280 1039 1340 Phrabates
1059 1279 1155 1338 reddi·

157 1373 217 1440 tus,
245 1382 308 1422 oum
328 1363 415 1422 multa
440 1363 597 1422 crudeliter
617 1365 801 1439 consuleret,
825 1366 854 1422 in
877 1364 993 1422 exilium
1012 1382 1027 1422 a
1043 1363 1155 1440 populo

68 1468 71 1474 ’
130 1460 213 1510 tsuo
230 1447 358 1524 pellitur.
387 1444 487 1524 ltaque
504 1464 567 1504 oum
582 1428 693 1522 magud
709 1456 842 1525 tempore
861 1447 993 1505 finitimas
1010 1448 1154 1520 civitates,

158 1531 193 1590 ad
217 1540 395 1607 postremum
412 1528 536 1603 Scythas
558 1529 695 1606 precibus
716 1530 884 1606 fatigasset,
911 1529 1084 1603 Scytharum
1095 1546 1154 1586 ma-

130 1614 236 1676 eximo
251 1612 358 1671 auxilio
374 1612 402 1670 in
417 1630 538 1688 regnum
553 1613 723 1672 restituitur.
752 1612 816 1677 lloo
832 1613 953 1671 absente
969 1630 1067 1688 regem
1086 1612 1154 1671 Par-

157 1696 199 1754 thi
227 1693 383 1754 Tiridatem
412 1695 553 1771 quendam
579 1697 803 1773 constituerant,
827 1696 875 1773 qui
902 1694 999 1754 audito
1029 1694 1154 1755 adventu

4 1846 15 1865 ·
64 1785 67 1790 ’
159 1777 330 1864 §cytharon
347 1795 410 1836 oum
427 1795 529 1853 magua
545 1778 701 1837 amicorum
718 1796 800 1837 manu
819 1776 1026 1838 adCaesarem
1045 1779 1072 1835 in
1089 1777 1153 1835 llis-

160 1863 244 1940 pania
264 1860 373 1927 bellum
392 1869 460 1919 tune
483 1862 623 1937 temporis
650 1869 800 1936 gerentem
827 1861 972 1939 profugit,
995 1861 999 1868 ’
1021 1859 1155 1920 obsidem

159 1942 280 2003 Caesari
300 1944 442 2003 minimum
465 1942 553 2002 lilium
574 1943 724 2003 Pbrabatis
740 1944 856 2019 ferens,
886 1961 970 2021 quem
992 1943 1155 2020 neglegen-

132 2029 216 2092 7tius
237 2027 408 2086 custoditum
430 2034 576 2104 rapuerat.
615 2025 679 2099 Quo
706 2029 823 2103 cognito
851 2028 1010 2086 Phrahates
1038 2027 1159 2103 legatos

160 2112 253 2169 statim
273 2110 308 2169 ad
326 2107 481 2169 Gaesarem
496 2110 595 2183 mittit,
618 2127 733 2168 servum
748 2129 831 2169 suum
851 2109 1006 2169 Tiridatem
1021 2119 1050 2168 et
1066 2110 1158 2168 lilium

128 2194 264 2257 &remitti
283 2192 338 2252 sibi
355 2192 493 2269 postulat.
528 2190 639 2251 Caesar
659 2202 689 2251 et
710 2193 859 2269 legatione
887 2185 1037 2251 Pbrahatis
1060 2192 1158 2251 audita
1213 2215 1218 2228 ·

160 2285 189 2334 et
201 2275 339 2335 Tiridatis
356 2273 509 2352 postulatis
522 2276 649 2351 coguitis
674 2277 755 2353 (nam
778 2285 807 2334 et
825 2277 889 2353 ipse
913 2277 1024 2334 restitui
1042 2276 1071 2333 in
1086 2294 1157 2351 reg·

158 2376 223 2415 num
242 2357 443 2432 desiderabat,
461 2359 531 2416 iuris
550 2358 745 2417 Romanorum
771 2359 893 2417 laturam
910 2358 1053 2423 Parthiam
1071 2358 1157 2417 adbr-

158 2458 254 2511 muns,
272 2441 297 2498 si
314 2441 376 2498 eius
397 2458 518 2517 regnum
534 2443 661 2499 muneris
679 2459 778 2500 eorum
793 2441 1025 2519 fuissetlneque
1045 2440 1156 2500 Tirida·

159 2532 217 2582 tem
236 2522 395 2581 dediturum
412 2541 444 2581 se
464 2523 575 2583 Parthis
594 2523 675 2599 dixit,
694 2542 789 2601 neque
814 2524 953 2583 adversus
969 2524 1092 2583 Parthos
1109 2524 1156 2583 Tl-

129 2606 243 2672 9ridati
261 2606 366 2676 auxilia
385 2605 523 2664 daturum.
550 2598 595 2665 Ne
614 2616 707 2665 tamen
726 2625 780 2684 per
797 2609 890 2665 omnia
906 2607 975 2666 nibil
992 2625 1008 2665 a
1026 2605 1157 2673 Caesare

89 2765 92 2769 ι
159 2688 307 2747 obtentum
320 2688 482 2762 videretur,
506 2698 535 2747 et
550 2689 685 2748 Pbrabati
701 2690 787 2749 filium
807 2692 869 2749 sine
885 2691 980 2767 pretio
997 2691 1111 2749 remisit
1127 2700 1158 2749 et

159 2772 286 2847 Tiridati,
295 2771 388 2848 quoad
401 2789 517 2831 manere
526 2773 600 2849 apud
609 2771 755 2832 Romanos
767 2774 868 2849 vellet,
884 2774 1050 2850 opulentum
1059 2791 1156 2850 sump-

117 2868 151 2920 10
162 2865 218 2914 tum
235 2854 372 2932 praeberi
391 2856 482 2914 iussit.
513 2854 584 2915 Post
596 2854 671 2915 haee
685 2856 954 2934 linitoHispanieusi
971 2855 1069 2930 bello,
1090 2874 1157 2916 oum

159 2941 187 2997 in
201 2940 315 3012 Syriam
332 2938 367 2997 ad
390 2937 608 3017 conponendam
626 2940 744 2998 orientis
762 2949 865 2998 statum
879 2941 1023 3014 venisset,
1048 2949 1157 2999 metum

117 3031 150 3085 11
161 3021 293 3080 Pbrabati
309 3020 439 3096 incussit,
461 3039 497 3080 ne
513 3019 622 3080 bellum
644 3021 776 3081 Parthiae
797 3023 888 3081 vellet
904 3023 1023 3081 inferre.
1052 3023 1157 3101 ltaque

158 3113 218 3163 tota
231 3104 344 3164 Parthia
359 3106 464 3182 captivi
478 3123 516 3163 ex
533 3102 688 3165 Crassiano
705 3108 767 3164 sive
783 3105 900 3164 Antonii
916 3099 1046 3164 exercitu
1057 3107 1156 3164 recol·

116 3197 150 3249 12
162 3187 231 3246 loeti
247 3189 387 3264 signaque
406 3205 469 3246 oum
484 3188 529 3246 bis
544 3187 674 3247 militaria
687 3190 819 3265 Augusto
837 3190 967 3248 remissa.
985 3189 1042 3248 Sed
1059 3199 1089 3246 et
1105 3189 1158 3248 filil

157 3280 339 3347 nepotesque
362 3271 512 3330 Phrahatis
528 3270 645 3331 obsides
662 3272 795 3347 Augusto
813 3273 886 3345 dati,
905 3274 1029 3350 plusque
1043 3270 1159 3332 Caesar

158 3355 352 3428 magnitudine
367 3355 489 3434 nominis
505 3356 549 3413 sul
565 3354 647 3431 feeit,
660 3374 743 3433 quam
760 3357 845 3414 armis
861 3355 961 3414 lacere
976 3355 1048 3413 alius
1063 3357 1158 3434 impe-

157 3442 237 3491 rator
251 3438 403 3511 potuisset.
