2442 3975
126 236 167 296 94
368 286 371 292 .
465 245 595 306 ¹urtonr
610 246 742 293 compar
906 235 908 238 ’
979 238 1048 289 xm
1063 241 1119 292 ee

98 400 243 479 spublioa
259 399 369 457 fierent.
397 399 493 459 Palam
507 400 594 477 igitur
606 400 662 457 iam
676 408 744 457 tanc
762 398 867 457 multae
883 398 1014 457 civitates
1030 398 1118 457 liber-

40 500 44 506 ·
99 493 213 548 statem
226 482 306 542 bello
320 483 518 541 vindicandam
533 481 706 541 fremebant.
724 480 873 557 Principes
883 490 978 539 tamen
993 483 1117 539 omnium

89 578 113 631 .7
126 566 320 625 Athenienses
336 573 365 623 et
381 565 479 624 Aetoli
500 566 591 626 luere.
633 563 717 637 Quod
739 581 801 622 cum
816 565 971 623 nuntiatam
989 563 1115 622 Alexan·

126 650 179 710 dro
197 658 292 723 esset,
319 649 395 707 mille
409 666 497 708 naves
516 648 620 725 longas
641 649 730 706 sociis
751 649 886 724 imperari
912 655 1114 725 praeceperat,

127 732 229 809 quibus
245 733 272 789 in
291 728 444 790 occidente
460 732 567 791 bellum
584 740 718 808 gereret,
735 738 969 807 excursurusqne
987 748 1050 788 enm
1066 747 1122 786 va··

97 815 183 879 elida
203 833 285 872 manu
308 813 411 872 iuerat·
424 815 606 874 ad'Athenas
626 813 775 872 delendas.
812 812 902 889 igitur
922 813 1118 873 Athenienses

127 907 277 956 contracto
293 894 375 954 XXX
395 898 500 956 milium
516 899 647 957 exercitu
662 905 691 955 et
710 895 840 954 ducentis
865 896 987 955 navibus
1009 896 1118 955 bellum

127 998 189 1039 cnm
206 979 374 1056 Antipatro,
403 982 448 1039 cni
465 980 585 1041 Graecia
602 989 682 1038 sorte
701 988 854 1053 evenerat,
875 988 980 1055 gerunt
995 970 1118 1055 eumqae'

127 1063 335 1122 detractantem
356 1064 497 1139 proelium
521 1074 549 1123 et
575 1062 738 1126 Heracleae
764 1060 842 1119 orbis
865 1062 1015 1120 moenibus
1036 1070 1117 1119 tuen·
1190 1095 1196 1102 ·

101 1155 185 1211 9tem
212 1164 245 1204 se
268 1146 420 1205 obsidione
442 1148 567 1223 cingunt.
605 1145 718 1203 Eodem
738 1141 872 1221 tempore
891 1145 1118 1219 Demosthenes,

128 1228 314 1287 Atheniensis
332 1237 446 1302 orator,
463 1231 563 1304 pulsus
576 1228 668 1304 patrie
688 1227 725 1285 ob
743 1229 851 1285 crimen
866 1229 980 1303 accepti
993 1227 1028 1285 ab
1046 1226 1118 1285 Her·

127 1311 195 1388 palo
212 1313 300 1382 auri,
312 1312 359 1385 qui
376 1311 574 1369 crudelitatem
591 1309 750 1367 Alexandri
766 1309 896 1384 ingerat,
920 1309 997 1385 quod
1016 1304 1120 1367 civitass

128 1402 185 1450 tem
207 1393 235 1449 in
258 1392 387 1450 eiusdem
403 1393 560 1452 Alexandri
578 1391 687 1450 bellum
702 1391 873 1468 inpelleret,
895 1392 972 1450 lorte
987 1390 1118 1467 Megaris

87 1486 121 1537 lo
132 1473 281 1536 exulabat:
306 1476 353 1552 qui
368 1485 398 1534 ut
414 1478 530 1535 missum
549 1475 584 1534 ab
601 1473 827 1534 Atheniensibus
842 1473 1020 1552 Hyperidem
1038 1474 1117 1550 lega·

128 1565 185 1615 tum
211 1559 365 1633 cognovit,
397 1559 706 1639 quiPeloponnenses
730 1559 759 1616 in
779 1560 949 1617 societatem
976 1574 1118 1616 armorum

128 1640 314 1716 sollicitaret,
341 1652 458 1700 secutus
475 1659 539 1700 eum
562 1644 704 1715 Sicyone,
729 1640 827 1716 Argos
843 1651 872 1700 et
888 1640 1054 1701 Corinthum
1070 1659 1117 1699 ce·
1190 1646 1195 1656 ’

85 1734 118 1784 11
131 1733 267 1801 terrasque
290 1726 423 1794 civitates
443 1724 608 1801 eloquentia
629 1742 680 1783 sna
697 1723 922 1783 Atheniensibus
937 1725 1034 1783 iunxit.
1072 1721 1134 1802 011,

128 1805 204 1882 quod
224 1806 330 1865 iactum
353 1809 439 1866 missa
462 1808 497 1867 ab
513 1807 739 1866 Atheniensibus
758 1807 872 1867 obviam
887 1825 960 1866 nave
977 1806 1012 1866 ab
1028 1805 1116 1865 exilio

86 1901 119 1951 12
131 1899 295 1948 revocatur.
324 1890 444 1950 -lnterim
465 1892 492 1950 in
510 1890 663 1950 obsidione
681 1890 823 1968 Antipatri
840 1890 1037 1962 Leosthenes,
1060 1889 1118 1947 dux

127 1971 360 2049 Atheniensium,
384 1975 445 2034 telo
462 1993 478 2034 a
493 1975 580 2033 mitris
602 1976 630 2032 in
650 1982 845 2033 transeuntem
867 1976 943 2033 iacto
964 1970 1115 2031 occiditur.

85 2067 119 2120 13
130 2055 212 2129 Quae
235 2076 283 2116 res
303 2067 411 2117 tantum
432 2059 588 2123 anbnorum
602 2057 755 2134 Antipatro
772 2057 866 2130 dedit,
887 2065 919 2115 ut
950 2057 1035 2114 etiam
1055 2053 1116 2112 val·

84 2149 118 2200 14
129 2140 184 2197 lum
211 2141 403 2200 rescinderet.
440 2141 584 2200 Auxilium
607 2140 712 2200 deinde
738 2158 753 2198 a
776 2140 903 2211 bennato
925 2157 979 2217 per
1002 2138 1117 2213 legatos

40 2223 43 2228 ’
128 2225 213 2299 petit,
237 2226 285 2301 qui
308 2242 371 2282 cum
394 2226 494 2284 venire
520 2241 582 2282 cum
606 2226 737 2283 exercitu
754 2224 897 2281 nuntiatus
920 2231 1016 2297 esset,
1040 2220 1118 2280 obvii

126 2308 153 2362 ei
174 2305 368 2365 Athenienses
391 2325 454 2366 cum
474 2307 621 2366 instructis
639 2308 731 2385 copiis
753 2307 854 2380 luere,
875 2307 972 2383 ibique
989 2304 1118 2382 equestri

84 2389 243 2464 leproelio
266 2392 347 2465 gravi
365 2391 486 2450 vulnere
508 2392 581 2450 ictus
608 2391 793 2466 extinguitur.
833 2388 984 2466 Antipater
1004 2386 1118 2446 tametsi

126 2469 231 2529 auxilia
251 2489 302 2530 sna
318 2474 431 2532 videret
445 2476 537 2547 victa,
557 2483 651 2533 morte
666 2482 760 2532 tamen
775 2472 894 2531 Leonati
917 2472 1040 2537 lactatus
1056 2479 1116 2529 est:

126 2554 234 2631 quippe
260 2565 288 2614 et
310 2557 452 2616 aemulum
477 2557 618 2617 sublatum
643 2566 672 2615 et
696 2557 774 2614 vires
793 2557 856 2614 eius
877 2555 1042 2614 accessisse
1063 2552 1118 2610 sibi

83 2646 117 2700 16
128 2636 335 2712 gratulabatur.
376 2641 476 2698 Statim
491 2641 579 2716 igitur
595 2642 726 2699 exercito
743 2639 805 2697 eius
821 2647 962 2716 recepto,
988 2653 1051 2696 cunr
1066 2652 1119 2713 par

124 2719 256 2780 hostibus
272 2725 358 2782 etiam
381 2722 494 2800 proelio
513 2723 677 2798 videretur,
702 2722 814 2781 solutus
837 2720 990 2780 obsidione
1010 2721 1039 2778 in
1060 2718 1117 2778 lla-

83 2810 115 2864 17
129 2804 278 2864 cedoniam
295 2808 452 2865 concessit.
476 2806 652 2866 Graecorum
668 2823 785 2884 qumque
799 2806 902 2882 copiae
915 2803 1017 2862 linibus
1030 2802 1117 2862 Grae·
1167 2836 1170 2839 -

47 2883 50 2889 ’
126 2888 189 2947 ciae
206 2888 291 2948 hoste
312 2889 397 2966 pulso
416 2890 444 2948 in
462 2890 550 2948 urbes
567 2889 708 2966 dilapsae.

96 2981 108 3031 1
188 2973 216 3032 6.
241 2971 355 3032 lnterea
376 2972 516 3033 Perdicca
540 2972 620 3031 bello
637 2970 798 3047 Ariarathi,
819 2971 883 3048 regi
901 2966 1117 3048 Cappadocum,

124 3054 212 3113 inlato
236 3057 349 3134 proelio
366 3058 460 3115 victor
475 3056 545 3115 nihil
570 3055 692 3134 praemii
711 3065 828 3133 praeter
852 3054 972 3112 vulnera
991 3059 1020 3110 et
1038 3051 1118 3127 peri·

95 3139 191 3198 tcnla
202 3140 327 3200 rettulit:
347 3141 455 3218 qnippe
471 3139 572 3199 hostes
589 3138 625 3198 eb
641 3138 705 3197 acie
722 3140 749 3196 in
765 3138 866 3197 urbem
882 3136 995 3212 recepti
1010 3133 1118 3218 occisis

125 3222 297 3297 coniugibus
320 3232 349 3282 et
370 3223 469 3283 liberis
486 3223 587 3282 domos
606 3223 729 3299 quisque
751 3238 818 3280 suas
839 3239 903 3280 cum
919 3218 1049 3278 omnibns
1067 3232 1116 3276 co·

97 3304 180 3379 3piis
208 3306 405 3365 incenderunt.
445 3305 556 3365 Eodem
583 3309 731 3381 congestis
755 3299 841 3363 etiam
870 3303 998 3362 servitiis
1024 3308 1118 3360 semet

123 3387 179 3461 ipsi
187 3389 399 3464 praecipitant,
416 3399 446 3448 ut
461 3389 529 3447 nihil
545 3389 637 3447 hostis
652 3389 746 3447 victor
762 3405 875 3445 enarum
890 3405 986 3445 reram
1002 3393 1120 3463 praeter

96 3465 248 3525 sincendii
266 3469 436 3545 spectaculo
454 3471 607 3529 frueretur.
639 3469 729 3543 Inde,
747 3479 777 3528 ut
793 3468 903 3528 viribus
919 3470 1119 3528 auctoritatem
