2442 3975
74 272 181 326 111111
409 280 501 328 rursu.
520 283 613 329 narn.
630 280 721 330 sarr.
1004 276 1063 336 163

75 436 146 496 belli
165 435 258 506 Nabiu
277 444 426 508 tyranuum
449 435 594 494 sollicitat.
631 436 727 513 Atque
751 438 807 512 iia,
834 455 896 497 cum
921 442 949 497 11
971 442 1091 505 aciemn

76 521 234 579 exercitum
253 519 399 576 instructis
418 536 434 576 e
452 518 568 578 diverso
583 517 715 577 hostibus
732 520 936 597 produxisset,
953 522 1063 582 hortari

76 620 145 663 suos
160 603 271 678 ‘coepit
285 601 441 660 referendo
460 599 578 676 Persas,
594 600 716 660 Bactros
738 601 884 680 ludosque
906 614 1062 664 etomnem

75 687 187 759 Asiam,
207 685 325 743 orientis
341 684 425 742 linem
443 701 458 742 a
478 682 685 743 Macedonibus
704 686 908 762 perdomitam;
924 697 1089 765 tantoquei
1122 746 1124 750 .

75 771 132 829 hoc
146 768 253 827 bellum
265 767 366 825 lortius
379 785 464 844 quam
475 767 524 825 illa
539 769 872 846 sustinendum-quanto
892 770 928 828 sit
940 771 1062 847 imperio
1159 785 1163 792 ·

75 853 195 912 libertas
212 852 315 909 carior.
349 851 407 910 Sed
425 860 454 909 et
473 849 663 926 Flamininus,
686 852 830 911 Romanus
854 854 970 928 consul,
988 854 1092 920 reia-8
1126 872 1129 878 ·

75 938 153 994 11111
169 949 264 993 rerum
282 943 427 1010 gestarum
442 936 643 992 recentissime
660 954 729 994 suos
748 936 911 995 stimulabat
932 939 959 994 in
975 955 1061 1014 proe-

76 1021 153 1092 lium,
171 1017 351 1076 ostendendo
367 1018 432 1076 hinc
450 1014 653 1093 Carthaginem
667 1036 729 1077 cum
746 1020 854 1094 Sicilia,
871 1020 938 1078 iude
953 1019 1062 1080 ltaliam

76 1112 105 1161 et
119 1102 283 1179 Hispaniam
293 1100 421 1160 Romana
434 1103 538 1159 virtute
552 1102 738 1179 perdomitas.
760 1101 804 1161 Ne
818 1102 988 1162 Annibalem
1002 1106 1061 1180 qui·
1074 1117 1091 1170 9

76 1187 140 1245 dem
154 1185 320 1243 Alexandro
340 1201 443 1260 magno
459 1186 705 1262 postponendum,
723 1203 779 1263 quo
795 1185 875 1245 Italia
888 1186 973 1263 pulso
985 1188 1062 1246 Airi-

77 1287 138 1328 cam
156 1272 264 1346 ipsam,
283 1269 393 1328 tertiam
417 1278 525 1345 partem
548 1269 667 1343 mundi,
681 1270 891 1345 superaverim.
926 1270 986 1329 Sed
1005 1284 1105 1335 11110

76 1352 251 1411 Macedonas
270 1362 371 1411 vetere
389 1352 482 1426 iama,
499 1352 551 1411 sed
568 1352 770 1429 praesentibus
787 1353 895 1411 viribus
909 1355 1061 1413 aestiman-

76 1437 140 1511 dos,
154 1437 219 1514 quia
231 1452 287 1494 non
299 1454 362 1501 cum
375 1435 542 1495 Alexandro
557 1454 672 1511 magno,
688 1454 772 1512 quem
786 1437 919 1495 invictum
932 1437 1058 1514 audiant,
1070 1450 1102 1500 11

76 1538 131 1579 111
148 1537 211 1577 curn
228 1522 358 1578 exercitu
378 1521 455 1594 eius,
476 1519 523 1597 qui
543 1528 632 1578 totum
655 1521 794 1577 orientem
816 1518 975 1594 devicerit,
994 1520 1057 1579 bel·

77 1605 133 1662 lum
149 1610 269 1677 gerant,
287 1602 339 1660 sed
356 1620 418 1660 cum
431 1601 576 1678 Philippo,
593 1620 685 1678 puero
700 1604 856 1660 inmaturae
873 1602 992 1678 aetatis,
1010 1603 1102 1680 11111

76 1687 159 1760 regui
178 1686 314 1742 terminos
339 1684 477 1743 adversus
496 1685 630 1743 linitimos
650 1702 739 1761 aegre
766 1684 917 1758 deieudat,
943 1694 972 1743 et
997 1703 1059 1744 cum

76 1770 121 1827 his
136 1766 359 1843 Macedonibus,
376 1769 423 1844 qui
440 1768 550 1827 nonita
571 1767 682 1845 pridem
698 1768 825 1845 praedae
839 1767 981 1827 Dardanis
1000 1769 1061 1828 iue-

76 1854 140 1911 rint.
173 1850 244 1910 illos
265 1853 401 1909 maiorum
420 1851 544 1925 decora,
567 1868 600 1910 se
622 1869 737 1909 suorum
753 1850 869 1909 militum
885 1863 1105 1915 commemo-13

77 1953 151 1995 rare.
184 1932 248 1993 Non
263 1936 336 1993 enim
354 1935 410 1994 alio
427 1935 557 1995 exercitu
570 1934 741 1994 Annibalem
758 1944 786 1993 et
799 1928 916 1993 Poenos
929 1943 958 1993 et
970 1943 1058 1993 totum
1071 1945 1104 1997 14

77 2021 168 2079 ierme
183 2018 379 2091 occidentem,
397 2019 448 2077 sed
465 2017 509 2076 his
531 2020 618 2097 ipsis,
640 2035 712 2095 quos
727 2020 755 2076 in
771 2018 833 2076 acie
853 2016 973 2092 habeat,
990 2019 1060 2077 mili·
1142 2090 1147 2098 q

76 2103 152 2163 tibus
173 2101 318 2162 subactos.
350 2101 400 2161 His
418 2101 663 2161 adhortationibus
680 2103 822 2177 utrimque
841 2101 976 2159 concitati
989 2101 1059 2159 mili·
1071 2112 1103 2162 15

76 2197 122 2247 tes
138 2185 252 2262 proelio
272 2195 461 2259 concurrunt,
479 2186 562 2244 alteri
582 2186 719 2257 orientis,
734 2184 817 2242 alteri
836 2183 995 2242 occidentis
1010 2184 1061 2241 im·

78 2271 160 2348 perio
176 2270 348 2345 gloriantes,
364 2269 551 2346 serentesque
567 2270 595 2326 in
609 2268 718 2327 bellum
736 2267 930 2324 aliimaiorum
946 2278 1061 2324 suorum

77 2355 218 2431 antiquam
238 2362 266 2411 et
281 2352 442 2412 obsoletam
460 2352 596 2428 gloriam,
615 2351 663 2409 alii
678 2353 817 2408 virentem
832 2348 998 2408 recentibus
1010 2367 1060 2408 ex·

77 2439 243 2515 perimentis
259 2437 372 2496 virtutis
388 2436 497 2495 liorem.
528 2436 584 2494 Sed
606 2433 782 2493 Macedonas
797 2431 926 2491 Romana
946 2433 1104 2494 111111116

78 2523 155 2579 vicit.
188 2518 309 2580 Fractus
324 2523 421 2598 itaque
438 2518 518 2578 bello
531 2519 681 2595 Philippus
697 2534 769 2593 pace
786 2535 800 2574 a
816 2514 973 2587 Flaminino
990 2533 1057 2575 cou-
1071 2524 1103 2578 17

79 2604 141 2662 sule
154 2605 242 2680 petita
254 2620 359 2663 nomen
372 2603 486 2682 quidem
498 2604 608 2678 regium
619 2602 748 2673 retinnit,
765 2599 816 2657 sed
831 2598 960 2657 omnibus
974 2597 1061 2658 Grae·

79 2689 141 2746 ciae
157 2686 290 2763 urbibus,
306 2687 391 2746 uelut
410 2687 492 2763 regni
510 2684 644 2744 membris
669 2692 750 2741 extra
771 2684 910 2740 terminos
927 2684 1060 2758 antiquae

55 2771 292 2848 possessionis,
320 2770 431 2828 amissis
458 2770 548 2828 solam
573 2767 771 2826 Macedoniam
792 2766 915 2824 retinnit.
950 2762 1059 2821 0111111
1073 2772 1105 2825 18

67 2863 174 2912 ¹tamen
195 2852 310 2927 Aetoli,
336 2854 400 2928 qnia
423 2869 479 2909 non
498 2851 616 2911 arbitrio
639 2867 738 2907 eornm
758 2848 927 2907 Macedonia
946 2862 1062 2923 quoque

78 2936 210 3014 adempta
228 2936 291 3011 regi
309 2945 337 2994 11
354 2934 418 3015 data
441 2935 494 2992 sibi
510 2935 537 2992 iu
559 2934 715 3011 praemium
738 2931 808 2989 belli
829 2939 926 3001 esset,
947 2928 1062 3001 legatos

79 3022 113 3081 ad
138 3019 309 3079 Antiochum
328 3019 455 3093 mittunt,
477 3020 525 3095 qui
546 3035 609 3075 enm
631 3015 794 3075 adulatione
815 3010 1016 3086 magnitudinis
1036 3009 1063 3065 11

77 3104 206 3164 Romana
222 3103 300 3162 bella
315 3120 369 3181 spe
386 3103 535 3162 societatis
550 3102 703 3158 universae
722 3096 862 3175 Graeciae
878 3092 1061 3171 inpellerent.

483 3308 626 3317 ...φη-..να
632 3306 699 3313 .-.....-
