2442 3975
92 182 302 239 xmaxlvl
425 191 516 240 meu.
532 191 627 238 enan.
642 190 735 238 urna.
920 156 925 171 ¹
1043 180 1086 241 97

89 347 319 407 ininsidiatores
340 362 462 421 versae,
480 347 573 423 etqui
593 364 728 407 securum
743 349 938 425 adgressuros
954 368 987 409 se
1004 359 1086 427 puta·

89 429 172 506 bant,
193 432 305 490 securis
326 430 355 486 in
377 429 480 497 itinere
504 437 533 487 et
548 430 704 506 pervigilio
726 432 820 489 noctis
839 432 967 508 fatigatis
985 450 1086 492 occur·

89 531 150 572 sum
170 523 225 572 est.
262 511 294 572 lu
310 529 347 571 co
363 511 478 590 proelio
505 511 692 591 Polypercon
728 508 878 573 occiditur.
923 513 1108 592 Neoptolel

87 613 150 655 mus
168 603 286 673 quoque
303 613 368 658 curn
385 593 515 653 Eumene
532 612 710 672 congressus
726 596 773 656 diu
790 598 894 656 mutuis
914 598 1083 656 vulneribus

89 680 220 754 acceptis
236 677 417 756 conluctatus
432 687 491 746 est;
511 680 540 738 iu
555 697 663 739 summa
680 681 774 740 victus
790 680 946 741 occumbit.
982 679 1113 742 Victor9

87 761 175 836 igitur
200 760 313 820 duobus
341 761 462 839 proeliis
487 763 629 822 continuis
654 757 811 822 Eumenes
830 763 960 823 adflictas
985 771 1093 840 partes*

87 845 257 902 transitione
279 846 426 904 sociorum
446 845 592 920 paululum
616 847 797 904 sustentavit.
838 845 884 905 Ad
903 855 1081 921 postremum
1095 855 1130 906 lt)

87 935 183 984 tamen
198 927 340 987 Perdicca
365 928 465 986 occiso
488 927 524 987 ab
542 929 673 987 exercitu
691 928 784 987 hostis
807 922 871 987 curn
888 928 1009 987 Pithone
1029 928 1083 1006 [et]

86 1006 189 1083 Illyrio
206 1018 235 1069 et
246 1009 367 1084 Alceta‚
386 1011 476 1069 tratre
487 1010 663 1086 Perdiccae,
678 1011 844 1089 appellatur
854 1010 1021 1090 bellumque
1034 1010 1083 1071 ad·

77 1107 190 1151 ,versus
207 1109 260 1151 eos
277 1092 425 1170 Antigono
442 1092 619 1153 decernitur.

479 1279 682 1291 a———n——n

401 1433 817 1566 araunium!

150 1669 177 1725 l.
201 1632 354 1725 Eumenes
379 1676 410 1725 ut
433 1661 601 1727 Perdiccam
623 1662 769 1741 occisum,
791 1684 823 1726 se
843 1666 957 1726 hostem
983 1682 1000 1725 a
1023 1664 1111 1728 lla-l

85 1748 247 1810 cedouibus
269 1749 424 1808 iudicatum
445 1749 613 1828 bellumque
635 1748 781 1825 Antigono
803 1750 951 1809 decretum
976 1765 1085 1824 cogno·

83 1836 141 1907 vit,
173 1832 250 1891 ultro
274 1850 309 1891 ea
334 1832 470 1892 militibus
495 1834 554 1891 suis
576 1832 729 1906 indicauit,
758 1849 794 1890 ne
817 1832 891 1898 lama
912 1840 959 1889 aut
976 1848 1038 1889 rem
1059 1831 1114 1892 ini

83 1917 175 1975 maius
189 1915 348 1989 extolleret
366 1924 414 1975 aut
428 1914 547 1974 militum
563 1916 674 1976 animos
690 1932 786 1972 rerum
801 1916 928 1973 novitate
943 1920 1084 1979 terreret:

85 2000 169 2059 simul
190 2008 221 2058 ut
241 2018 276 2059 an
300 2002 377 2059 eirca
399 2018 432 2059 se
456 2001 569 2060 animati
594 2008 695 2058 esseut
716 2007 928 2074 cognosceret,
945 2004 1114 2076 ⁴sumptu-3

84 2101 134 2141 rus
150 2084 301 2141 consilium
318 2102 355 2141 ex
369 2093 448 2143 motu
465 2085 677 2142 universorum.
702 2079 877 2141 constanter
891 2089 987 2140 tamen
1001 2086 1115 2158 prae-a

84 2165 160 2225 fatus
174 2174 234 2223 est:
258 2167 282 2224 si
300 2168 345 2224 cui
360 2165 435 2225 baec
449 2168 556 2226 terrori
571 2174 690 2240 essent,
706 2164 817 2224 babere
834 2182 899 2224 eum
916 2162 1087 2224 discedendi

83 2256 270 2327 potestatem.
314 2247 377 2320 Qua
404 2266 479 2308 voce
507 2250 582 2309 adeo
607 2257 728 2309 cunctos
755 2250 785 2307 in
812 2248 936 2307 studium
963 2247 1112 2327 partium5

84 2330 348 2412 suaruminduxit,
378 2341 409 2391 ut
430 2332 506 2392 ultro
528 2333 637 2392 bellum
655 2349 755 2391 omnes
777 2331 962 2391 hortarentur
978 2329 1085 2389 rescis-

85 2414 231 2493 surosque
254 2433 287 2474 se
305 2415 385 2475 terro
409 2415 528 2475 decreta
548 2415 741 2475 lllacedonum
769 2415 962 2474 adfirmarent.
1006 2411 1115 2474 'luncd

85 2500 215 2557 exercitu
240 2501 269 2557 in
284 2498 418 2558 Aeoliam
439 2509 574 2576 promoto
596 2500 737 2577 pecunias
761 2497 923 2557 civitatibus
953 2497 1086 2575 imperat,

83 2591 253 2640 recusantes
277 2582 347 2641 dare
363 2583 508 2642 hostiliter
523 2582 630 2660 diripit.
662 2580 746 2640 ‘lude
762 2581 861 2641 Sardis
877 2574 1027 2659 p'roieetus
1050 2579 1114 2639 adt

85 2660 290 2740 Cleopatram,
317 2683 454 2731 sororem
475 2665 636 2726 Alexandri
651 2667 764 2741 magni,
792 2673 824 2724 ut
845 2665 907 2723 eius
922 2678 999 2724 voce
1018 2679 1086 2721 cen·

84 2747 214 2804 curiones
243 2748 480 2827 principalesque
510 2750 765 2810 confirmarentur:
800 2748 1015 2807 existimaturos
1046 2743 1087 2802 ibi

84 2830 265 2888 maiestatem
281 2832 391 2907 regiam
404 2834 479 2891 verti
487 2878 495 2908 ,
508 2833 583 2897 unde
596 2849 683 2891 soror
694 2830 856 2891 Alexandri
872 2838 972 2890 staret.
996 2827 1116 2888 Tantas

84 2913 236 2971 veneratio
251 2914 452 2990 magnitudinis
467 2915 627 2974 Alexandri
643 2924 722 2990 erat,
741 2923 779 2973 ut·
792 2915 877 2973 etiarn
892 2930 946 2990 per
962 2910 1088 2985 vestigia

84 2996 234 3070 mulierum
252 2997 336 3056 favor
360 2999 467 3057 sacrati
488 3001 551 3058 eius
567 3000 689 3057 nominis
707 3006 908 3074 quaereretur.
949 2992 1020 3053 Cum
1037 3000 1113 3053 re·9

85 3097 189 3137 versus
206 3080 234 3137 in
253 3090 348 3140 castra
371 3088 468 3157 esset,
491 3082 635 3159 epistulae
651 3080 721 3140 totis
738 3081 841 3140 castris
859 3077 991 3137 abiectae
1007 3077 1086 3135 inve·

84 3164 209 3237 niuntur,
226 3162 393 3240 quibusda,
411 3166 459 3243 qui
474 3164 613 3224 Eumenis
629 3173 715 3242 caput
727 3163 763 3223 ad
775 3163 951 3237 Antigonum
967 3158 1085 3219 detulis-

86 3254 168 3320 sent,
191 3262 294 3321 magna
315 3249 442 3324 praemia
467 3248 685 3309 definiebantur.
725 3246 776 3305 llis
795 3245 920 3322 cognitis
942 3242 1087 3302 Eumenes
1097 3250 1132 3302 10

85 3331 198 3387 vocatis
229 3329 265 3388 ad
295 3332 459 3390 contionem
479 3331 617 3391 militibus
639 3331 741 3408 primo
762 3331 870 3406 gratias
899 3329 975 3404 agit,
1009 3323 1088 3402 quod

83 3429 171 3471 uerno
188 3413 320 3471 iuventus
343 3423 439 3489 esset,
462 3416 510 3492 qui
530 3432 614 3493 spem
638 3415 748 3472 cruenti
765 3413 886 3490 praemii
903 3412 970 3471 fidei
990 3425 1087 3468 sacra·

127 3514 290 3558 1usn1nus.
