2442 3975
128 199 171 263 62
505 210 614 259 unoou
627 210 759 259 eonem
1003 201 1129 257 1x3-c
1188 164 1192 172 ⁵

100 365 247 428 9Proelio
270 367 441 440 commisso,
466 381 530 423 cum
554 362 751 424 Athenienses
765 363 854 439 longe
879 364 988 423 maiore
1009 364 1128 425 militnm

129 467 250 509 nurnero
265 458 464 526 praestarent,
488 446 614 506 adsiduis
634 447 722 507 bellis
747 447 878 507 indurata
902 448 1008 506 virtute
1030 446 1127 507 llaec·

88 539 123 591 10
131 534 234 593 donum
256 533 419 599 vincentum
451 547 508 590 non
531 537 626 593 tamen
650 531 834 590 immemores
855 530 993 608 pristinae
1015 530 1128 607 gloriae

132 616 283 687 cecidere:
315 616 424 694 qnippe
449 614 580 674 adversis
612 614 780 674 volneribus
806 631 907 674 omnes
939 615 1022 689 loca,
1054 631 1130 691 quae

131 699 238 759 tuenda
264 716 280 759 a
302 698 423 758 ducibus
445 705 638 774 acceperant,
665 698 823 756 morientes
844 696 1019 785 corporibus
1047 705 1128 756 texe·

40 820 43 825 -
89 787 205 843 llrunt.
237 781 291 841 llic
311 782 375 841 dies
397 781 551 840 universae
574 778 715 840 Graeciae
735 788 764 839 et
785 780 907 856 gloriam
929 780 1130 841 ‘dominationis
1197 836 1201 843 .

99 920 104 929 .
133 873 163 926 et
177 866 401 924 vetustissimam
416 863 584 923 libertatem
600 863 700 922 linivit.

104 954 120 1005 1
195 949 225 1007 4.
247 946 337 1006 lluins
357 948 499 1007 victoriae
521 946 627 1005 callide
650 946 825 1011 dissimulata
846 946 965 1007 laetitia.
996 946 1130 1024 Denique

131 1049 189 1092 non
204 1030 289 1090 solita
307 1047 390 1090 sacra
405 1030 554 1107 Philippus
567 1028 618 1088 illa
631 1029 677 1088 die
693 1028 773 1105 lecit,
790 1030 889 1089 nonin
906 1031 1039 1089 convivio
1055 1029 1129 1103 risit,

52 1174 58 1183 ,
110 1132 190 1197 ἰιοιι
215 1113 301 1175 ludos
324 1115 397 1173 inter
421 1111 523 1191 epulas
544 1111 688 1186 adhibuit,
716 1130 774 1177 non
795 1130 919 1173 coronas
935 1122 982 1173 aut
1003 1120 1131 1189 ungenta

68 1228 72 1234 ·
133 1198 271 1276 sumpsit,
301 1206 330 1256 et
355 1203 489 1273 qnantum
518 1196 546 1253 in
571 1195 623 1253 illo
648 1195 719 1270 luit,
751 1197 791 1256 ita
817 1197 902 1270 aicit,
931 1203 962 1254 nt
989 1196 1132 1255 victorem

105 1284 218 1341 inemo
238 1280 369 1337 sentiret.
400 1278 459 1337 Sed
475 1294 531 1335 nec
545 1294 646 1353 regern
662 1295 695 1337 se
712 1277 867 1350 Graeciae,
894 1280 947 1339 sed
963 1277 1066 1336 ducent
1081 1295 1133 1355 ap·

104 1362 240 1442 3pellari
261 1361 352 1419 iussit.
383 1359 480 1437 Atque
495 1362 534 1418 ita
559 1361 635 1418 inter
654 1362 769 1423 tacitam
788 1360 925 1418 laetitiam
948 1368 978 1419 et
998 1359 1132 1420 dolorem
1188 1375 1193 1385 '

133 1446 257 1505 hostium
277 1444 469 1522 temperarit,
495 1450 525 1501 ut
547 1459 642 1519 neque
668 1444 743 1522 apud
765 1459 834 1502 suos
861 1443 1010 1503 exultasse
1036 1461 1132 1521 neque

105 1527 210 1607 dapod
225 1528 320 1586 victos
335 1526 490 1585 insultasse
504 1525 663 1595 videretur.
684 1525 921 1602 Atheniensibus,
938 1544 1013 1604 quos
1028 1526 1131 1604 passus
1192 1530 1193 1535 ’

134 1610 338 1670 infestissimos
352 1610 458 1685 luerat,
482 1616 512 1667 et
529 1610 662 1686 captivos
679 1610 779 1686 gratiis
795 1611 905 1670 remisit
921 1620 951 1670 et
966 1610 1047 1670 bello
1062 1626 1131 1668 con·

135 1701 312 1770 sumptorum
334 1709 459 1771 corpora
479 1692 646 1771 sepulturae
668 1692 808 1769 reddidit,
834 1693 1031 1772 reliquiasque
1050 1692 1132 1752 fune·

135 1794 197 1836 rum
211 1784 243 1835 ut
266 1776 302 1835 ad
323 1774 480 1853 sepulchra
502 1776 640 1834 maiorum
660 1775 809 1836 deferrent
829 1777 905 1836 ultro
928 1777 1057 1836 hortatus
1075 1782 1131 1835 est.

107 1862 232 1938 isuper
245 1859 320 1919 haec
334 1859 529 1919 Alexandrum
545 1858 632 1918 lilium
647 1876 711 1919 cum
726 1860 818 1919 amico
833 1859 996 1938 Antipatro,
1020 1859 1067 1936 qui
1082 1875 1132 1935 pa·
1161 1930 1170 1939 .

108 1945 202 2004 ficem
215 1959 278 2003 curn
294 1942 338 2003 his
353 1943 564 2022 amicitiamque
578 1940 725 2021 iungeret,
752 1941 883 2003 Athenas
899 1944 983 2003 misit.
1018 1940 1133 2001 Theba*

108 2071 116 2080 .
135 2043 236 2087 norum
252 2044 341 2105 porro
356 2046 414 2088 non
427 2026 520 2106 solnm
537 2029 685 2106 captivos,
701 2044 801 2086 verum
817 2028 901 2085 etiam
915 2024 1145 2084 interfectorum⁴

107 2110 124 2166 t
137 2111 316 2188 sepulturam
340 2110 478 2170 vendidit.
517 2110 669 2188 Principes
690 2111 813 2169 civitatis
841 2109 914 2168 alios
942 2109 1040 2166 securi
1067 2125 1133 2185 per·

137 2194 238 2266 cussit,
256 2194 332 2253 alios
347 2192 506 2252 inexilium
524 2194 567 2252 ire
585 2192 699 2269 coegit,
716 2192 850 2270 bonaque
866 2192 990 2251 omnium
1005 2207 1131 2268 occupa-

107 2278 187 2335 8vit.
220 2275 324 2335 Pulsos
340 2276 445 2336 deinde
461 2293 515 2352 per
535 2277 665 2336 iniuriam
679 2277 708 2334 in
723 2278 842 2353 patriam
858 2276 991 2335 restituit.
1022 2272 1132 2332 Exho-
1165 2335 1177 2354 ,

136 2376 199 2418 rum
224 2376 343 2418 numero
366 2367 515 2418 trecentos
542 2359 646 2418 exules
672 2358 783 2418 iudices
807 2368 1000 2436 rectoresque
1027 2357 1134 2417 civitati

108 2441 333 2519 9dedit:·apud
354 2458 427 2518 quos
453 2458 518 2500 cum
543 2443 735 2519 potentissimi
753 2442 859 2520 quique
885 2442 929 2500 rei
955 2442 1017 2500 eius
1044 2440 1133 2517 ipsius

137 2525 263 2584 criminis
277 2525 507 2601 postularentnr,
520 2525 607 2600 quod
623 2542 678 2602 per
691 2525 821 2585 iniuriam
836 2542 868 2583 se
884 2525 912 2582 in
928 2524 1045 2583 exilium
1057 2524 1133 2599 egis·

136 2614 217 2681 sent,
243 2607 327 2667 huius
346 2608 524 2668 constantiae
540 2607 670 2683 fuerant,
700 2616 731 2666 ut
746 2624 847 2667 omnes
863 2624 898 2666 se
910 2615 1046 2666 auctores
1062 2606 1134 2682 iate·

136 2699 236 2750 rentum
266 2690 428 2768 meliusque
447 2707 511 2749 curn
532 2709 565 2750 re
584 2690 701 2769 puhlica
728 2698 837 2767 actum,
858 2708 922 2750 cunr
945 2689 1074 2749 damnati·
1088 2706 1134 2746 es·

14 2789 16 2792 ·
95 2777 202 2833 losent
235 2790 318 2851 qnam
339 2792 403 2833 cunr
427 2775 566 2849 restituti,
594 2771 814 2834 contenderent.
850 2772 922 2834 llira
945 2789 1065 2850 prorsus
1086 2788 1134 2831 au·

96 2853 99 2860 ⁴
137 2858 235 2918 dacia:
267 2858 304 2917 de
329 2855 472 2918 iudicibus
498 2858 575 2916 vitae
602 2857 742 2935 necisque
773 2875 860 2932 suae,
897 2854 1136 2935 quemadmodum

137 2949 277 3019 possunt,
305 2940 476 3000 sententiam
510 2939 605 2999 lerunt
640 2948 881 3017 contemnuntque
911 2937 1135 3012 absolutionem,

93 3053 96 3059 ⁴
138 3041 222 3101 quam
239 3024 309 3084 dare
323 3024 429 3083 inimici
451 3032 588 3101 possunt,
616 3032 646 3082 et
666 3027 799 3102 qnoniam
816 3023 905 3082 rebus
925 3028 1073 3097 nequeunt
1092 3019 1136 3079 ul·

139 3109 227 3183 cisni,
251 3107 350 3167 verbis
365 3115 504 3184 usurpant
518 3106 691 3167 libertatem.

103 3202 129 3266 ⁴l
203 3193 234 3254 5.
258 3188 424 3268 Compositis
442 3192 470 3249 in
485 3189 608 3251 Graecia
625 3191 714 3251 rebus
733 3190 882 3267 Philippus
897 3188 1021 3248 omnium
1036 3184 1136 3245 cirita·

138 3275 206 3333 lium
230 3272 345 3348 legatos
365 3273 402 3332 ad
423 3272 601 3333 formandum
616 3270 712 3334 rerum
732 3276 926 3351 praesentium
945 3280 1048 3331 statum
1067 3286 1137 3327 evo·

101 3358 199 3418 neeri
223 3353 390 3415 Corinthum
411 3356 501 3415 iubet.
536 3356 578 3416 lbi
598 3357 680 3435 pacis
706 3357 804 3433 legem
823 3358 978 3416 universae
996 3351 1139 3413 Graeciae

139 3453 193 3514 pro
214 3438 323 3496 meritis
344 3438 519 3513 singularum
535 3441 698 3499 civitatium
719 3439 831 3514 statuit,
850 3439 1060 3515 consiliumque
1077 3452 1140 3494 om·
