2442 3975
72 221 165 276 xviii
179 226 206 276 t.
222 225 239 276 a
422 227 512 276 nrsn.
528 223 621 274 rurs.
637 230 729 278 nero.
1010 222 1067 279 115

71 371 211 462 quoniam
222 391 352 443 externo
360 381 444 439 hosts
462 388 707 457 oppugnarentur,
726 384 854 441 externis
865 385 977 443 auxiliis
991 386 1069 444 iuva·

70 476 178 527 rentur.
213 465 327 525 Gratiae
347 480 364 522 a
386 469 486 521 senatu
501 458 785 539 Carthaginiensibus
804 474 886 525 antae
904 466 1096 544 auxiliaques

71 551 201 610 reabse.
236 547 296 607 Sed
307 543 394 621 Mago
413 544 519 603 Punico
536 545 651 620 iugenio
673 556 739 624 post
756 564 867 625 paucos
879 549 942 607 dies
953 551 1099 627 tacitast

71 629 336 711 quasipaeillcator
352 626 646 704 Carthaginiensium,
669 629 786 703 Pyrrum
811 628 880 688 adiit
904 630 1068 708 speculatu-

72 732 121 772 rus
137 712 258 776 consilia
274 711 336 770 eius
350 709 387 769 de
401 709 510 784 Sicilia,
524 727 582 787 quo
595 728 658 769 eum
675 714 785 771 arcessi
801 713 875 774 fama
891 721 964 772 erat.
994 710 1097 776 Nemo

72 794 208 854 Romanis
222 793 323 856 eadem
340 809 427 853 causa
441 793 571 852 mittendi
586 794 693 854 auxilia
707 792 993 871 Carthaginiensibus
1007 793 1069 852 iue-
1172 803 1175 808 ’

72 886 127 953 rat,
143 887 173 944 ut
187 875 318 935 Romano
332 876 475 951 hello,.ne
489 876 518 933 in
533 876 660 934 Siciliam
677 878 799 936 transire
824 887 940 957 posset,
963 875 1068 950 Pyrrus

73 964 101 1020 in
120 959 202 1019 ltalia
225 958 412 1018 detineretur.
455 957 529 1016 Dum
549 958 624 1017 hacc
638 969 770 1035 aguntur,
789 960 903 1036 legatus
926 976 942 1019 a
968 968 1097 1021 senatud

72 1044 202 1103 Romanu
221 1039 370 1101 Fabricius
393 1039 532 1100 Luscinus
551 1043 655 1099 missus
691 1059 773 1101 neem
794 1060 857 1101 cum
878 1042 969 1117 Pyrro
1000 1058 1068 1100 con·

75 1126 164 1203 ponit.
209 1123 255 1183 Ad
276 1141 360 1201 quam
376 1123 597 1183 confirmandam
609 1058 716 1183 (hodae
731 1124 849 1183 Romam
867 1142 930 1182 cum
946 1125 1067 1199 ingenti·
1079 1132 1102 1186 t·

74 1208 128 1267 bus
144 1208 277 1282 a-Pyrro
302 1207 385 1267 donis
400 1207 504 1265 missos
521 1207 673 1279 nemiuem,
690 1209 771 1266 cuius
786 1207 888 1267 domus
903 1205 1068 1265 muneribus

75 1298 200 1369 pateret,
216 1290 333 1348 invenit.
363 1288 436 1348 Huic
448 1291 641 1348 continentiae
655 1288 848 1349 Rornanorum
865 1289 958 1348 simile
972 1297 1095 1349 exem-8

74 1372 151 1451 plum
173 1371 263 1431 isdem
283 1372 375 1432 lerme
397 1372 576 1449 temporibus
591 1372 652 1430 fnit.
677 1370 748 1432 Nam
764 1373 874 1431 missia
894 1380 995 1431 senatu
1011 1370 1096 1433 ile-9

75 1464 194 1533 gyptum
222 1455 310 1532 legati
332 1472 395 1513 cnm
419 1455 544 1530 ingentia
565 1454 619 1512 sibi
642 1471 659 1513 a
682 1454 850 1515 Ptolemaeo
877 1471 950 1529 rege
980 1454 1067 1514 missa

74 1554 191 1597 mouera
219 1539 412 1614 sprevissent,
438 1529 596 1596 interiectis
618 1536 720 1596 diebus
746 1538 782 1596 ad
812 1552 912 1596 cenam
944 1538 1068 1597 invitatis

76 1637 184 1680 aureae
198 1621 444 1679 coronae-missae
462 1607 541 1678 sunt:
558 1635 631 1696 quas
647 1619 688 1677 illi
708 1619 811 1676 ominis
832 1634 916 1678 causa
932 1626 1068 1697 receptas

76 1711 195 1779 postera
206 1700 253 1759 die
270 1702 371 1760 statuis
386 1702 466 1776 regis
482 1702 680 1777 inposuerunt.
707 1699 796 1779 lgitur
806 1702 922 1778 Cineas,
938 1720 1001 1762 eum
1013 1707 1111 1762 tur-10

76 1784 171 1844 batam
195 1799 258 1841 cum
279 1782 414 1843 Romanis
436 1800 537 1861 pacem
558 1782 593 1842 ab
615 1783 712 1861 Appio
728 1785 849 1845 Claudio
865 1787 1068 1857 renuntiasset,

76 1869 270 1942 interrogatus
297 1885 313 1926 a
335 1865 444 1941 Pyrro,
469 1865 561 1942 qualis
575 1864 667 1925 Roma
682 1878 776 1942 esset,
803 1868 954 1945 respondit
968 1881 1068 1941 regum

77 1948 175 2009 urbem
197 1948 251 2008 sihi
273 1949 370 2008 visam.
404 1947 473 2008 Post
494 1947 567 2008 haec
586 1948 675 2026 legati
689 1950 851 2010 Siculorum
865 1949 1109 2028 superveniuotll

77 2033 222 2092 tradentes
251 2035 341 2109 Pyrro
367 2033 454 2091 totius
471 2032 581 2092 insulae
598 2033 756 2110 imperium,
774 2050 848 2112 quae
860 2033 987 2092 adsiduis
999 2029 1068 2090 Gar·

76 2115 302 2191 thagiuiensibus
315 2115 401 2175 bellis
415 2114 584 2174 vexabatur.
609 2114 710 2193 ltaque
726 2114 1071 2175 relictohoorisAlexan-
1080 2121 1111 2173 η

76 2197 205 2272 ἁτοίίΙὶο
225 2198 400 2274 firmatisque
419 2200 565 2258 sociorum
583 2197 745 2258 ciuitatibus
758 2197 855 2257 valido
872 2197 1020 2275 praesidio
1039 2197 1066 2253 in

76 2281 202 2342 Siciliam
217 2283 374 2340 exercitum
388 2281 511 2341 traiecit.
1079 2318 1085 2322 -

40 2356 46 2366 “
139 2364 169 2424 3.
200 2362 238 2423 Et
257 2364 390 2441 quoniam
413 2363 448 2424 ad
465 2360 741 2439 Carthaginiensium
764 2364 934 2422 mentionem
952 2369 1094 2422 ventuml

78 2457 132 2520 est,
148 2446 185 2507 de
199 2448 311 2524 origine
327 2464 427 2506 eorum
441 2463 534 2523 pauca
547 2445 670 2506 dicenda
686 2446 901 2523 sunt,·repetitis
917 2445 1066 2519 Tyriorum

79 2531 164 2606 paulo
192 2530 276 2589 altius
297 2529 403 2602 rebus,
431 2546 557 2606 quorum.
579 2546 664 2588 casus
689 2532 773 2588 etiam
799 2528 917 2587 dolendi
944 2527 1066 2587 inerunt.

79 2612 230 2686 Tyriorum
249 2630 324 2688 gens
349 2612 463 2672 condita
487 2629 503 2670 a
520 2610 714 2671 Phoenicibus
729 2613 795 2686 luit,
817 2612 865 2689 qui
881 2607 1095 2679 terraemotu}

80 2697 175 2754 vaxati
198 2695 302 2753 relicto
322 2698 432 2771 patriae
445 2694 518 2753 solo
549 2695 698 2768 Assyrium
713 2702 843 2770 stagnum
864 2697 974 2772 primo,
999 2706 1066 2750 mox

79 2779 150 2836 mari
168 2779 328 2853 proximum
349 2778 415 2837 litos
439 2776 635 2852 incoluerunt,
660 2777 773 2835 condita
788 2775 827 2833 ibi
843 2775 932 2848 urbe,
954 2780 1095 2849 quemad
1202 2836 1207 2843 ,

81 2860 200 2938 piscium
216 2858 348 2919 ubertate
358 2859 465 2918 Sidona
481 2859 714 2936 appellaverunt:
742 2876 805 2917 nam
821 2858 930 2934 piscem
946 2853 1067 2912 Phoeni·

80 2960 131 3003 ces
152 2942 235 3002 sidon
257 2951 373 3002 uocant.
414 2942 482 3001 Post
501 2941 605 3000 multos
625 2942 728 3001 deinde
753 2956 842 2999 annos
861 2956 877 2996 a
895 2954 965 3012 rege
979 2935 1095 2996 Asea-5

80 3026 221 3086 looiornm
237 3026 410 3103 expugnati,
440 3023 559 3083 navibus
573 3024 688 3101 appulsi
704 3023 800 3097 Tyron
813 3020 913 3079 orbem
928 3027 994 3077 ante
1020 3034 1067 3075 an·
1187 3056 1194 3069 .

80 3127 146 3168 nutu
160 3109 302 3169 Troianae
323 3108 413 3169 cladis
434 3103 631 3167 condiderunt.
678 3105 721 3164 lbi
741 3106 892 3165 Persarum
915 3099 1001 3158 bellis
1024 3100 1097 3161 diu6

81 3194 217 3267 varieque
232 3193 342 3267 fatigati
356 3192 485 3250 victores
499 3190 611 3267 quidem
627 3190 721 3261 luere,
740 3187 791 3247 sed
807 3184 917 3245 adtritis
930 3182 1037 3241 viribus
1052 3199 1068 3239 a

73 3277 174 3332 'servis
194 3277 253 3333 suis
278 3273 453 3332 multitudine
475 3271 684 3335 abundantibus
706 3271 819 3346 indigna
842 3265 983 3344 supplicia
1005 3282 1068 3342 per·

82 3358 162 3435 pessi
185 3365 263 3415 suot:
281 3357 328 3433 qui
348 3357 562 3432 conspiratione
580 3352 656 3413 iacta
672 3370 784 3412 omnem
800 3349 921 3411 liberum
935 3347 1096 3425 populum?

81 3455 146 3499 oum
169 3437 291 3498 dominis
311 3439 483 3498 interliotunt
506 3446 592 3514 atque
609 3437 648 3495 ita
658 3438 746 3513 potiti
759 3435 827 3507 urbe
843 3434 921 3569 leges
943 3431 1070 3491 domino·
