2442 3975
118 227 161 289 66
178 242 181 249 ’
495 238 603 287 raour
618 236 749 287 rourur
1007 230 1120 287 x1·-a

118 392 195 452 dium
211 408 249 451 ex
269 391 475 469 procreatione
491 401 645 469 capturus,
672 391 839 470 siinsignia
865 376 1023 452 maiestatis
1050 410 1122 452 suae

91 477 206 538 dairas
220 475 250 534 in
265 473 325 534 dlio
344 476 560 553 conspexisset.
596 474 657 534 Sed
672 474 786 536 Dareus
802 485 869 554 post
888 492 964 535 nova
982 485 1121 553 paternae

89 559 235 637 spietatis
251 559 386 636 exempla
407 557 600 618 interficiendi
616 560 707 635 patris
727 559 879 618 ¹utensilium
902 561 995 637 cepit:
1024 559 1119 618 scele-

118 650 214 715 ratus,
244 642 268 700 si
294 641 375 702 solus
402 641 587 720 parricidium
615 643 789 717 cogitasset:
828 651 907 701 tanto
934 642 1119 718 sceleratior,

54 724 56 731 '
120 723 198 802 quod
212 726 240 782 in
255 726 428 785 societatem
442 724 580 784 facinoris
595 724 763 802 adsumptos
779 725 800 784 l
816 726 922 784 iratres
942 724 1015 785 iecit
1029 726 1120 803 parri-

88 807 207 871 dcidas.
238 805 351 868 Osteuti
374 823 496 886 prorsus
519 825 629 884 genus,
658 807 706 866 ubi
729 810 757 866 in
777 817 857 867 tauto
875 808 985 886 populo
1001 826 1057 867 uon
1073 825 1120 866 so·

119 891 175 950 lum
191 892 314 965 sociari,
337 907 437 950 verum
453 891 538 950 etiam
554 890 636 950 sileri
653 891 837 969 parricidium
852 893 961 969 potuit,
990 895 1020 950 ut
1040 909 1077 951 ex
1098 888 1121 950 1.

119 972 219 1033 liberis
242 991 328 1033 nemo
348 976 482 1034 inventus
506 975 559 1048 sit,
587 990 672 1051 quem
699 983 747 1033 aut
770 983 890 1052 patema
915 974 1050 1035 maiestas
1073 983 1122 1033 aut

118 1057 270 1117 veneratio
287 1059 366 1117 senis
381 1066 429 1118 aut
446 1056 624 1135 indulgentia
639 1058 729 1135 patris
755 1074 771 1117 a
797 1065 875 1118 tanta
895 1058 1060 1118 inmanitate
1074 1075 1120 1116 re·

89 1147 251 1202 dvocaret.
281 1140 405 1200 Adeone
423 1141 483 1199 vile
504 1148 656 1218 paternum
673 1157 779 1201 nomen
799 1141 874 1218 apud
891 1149 934 1200 tot
953 1156 1072 1201 numero
1089 1138 1121 1199 li·

120 1222 177 1282 lios
194 1222 264 1300 luit,
287 1233 334 1298 ut,
360 1240 482 1303 quorum
503 1223 651 1301 praesidio
668 1234 744 1283 tutus
760 1225 846 1283 etiam
863 1223 1004 1283 adversus
1019 1223 1123 1283 hostes

120 1322 189 1364 esse
206 1305 355 1382 debuerit,
382 1322 481 1366 eorum
502 1307 614 1367 insidiis
636 1309 847 1366 circumventus
867 1307 957 1365 tutior
979 1305 1015 1364 ab
1030 1304 1121 1365 hosti·

119 1386 174 1446 bus
188 1404 273 1465 quam
288 1407 304 1449 a
320 1389 387 1449 liliis
403 1387 512 1450 luerit?

78 1481 118 1535 12
181 1470 210 1533 2.
234 1469 328 1533 Causa
346 1474 493 1550 parricidii
511 1471 686 1533 sceleratior
709 1474 773 1549 ipso
793 1470 949 1548 parricidio
969 1470 1037 1530 luit:
1070 1488 1120 1530 oc·
1201 1518 1204 1519 ν

121 1554 183 1612 ciso
199 1556 308 1634 qnippe
322 1553 402 1632 Opro
418 1557 546 1617 fraterno
565 1554 664 1629 bello,
696 1555 776 1615 cuius
795 1555 903 1613 mentio
919 1570 1008 1633 supra
1024 1554 1122 1614 habita

120 1647 181 1712 est,
212 1637 376 1717 Aspasian,
410 1639 553 1718 paelicem
576 1639 658 1712 eius,
686 1652 740 1697 rex
764 1636 947 1698 Artaxerxes
974 1640 1001 1696 in
1026 1639 1120 1697 matri·

94 1721 247 1783 smonium
260 1731 426 1802 receperat.
459 1720 540 1780 llauc
554 1719 796 1798 patremcedere
821 1720 876 1780 sibi
897 1722 982 1781 sicuti
1002 1737 1121 1798 regnum

119 1800 232 1864 Dareus
261 1805 473 1885 postulaverat:
502 1805 550 1883 qui
578 1821 633 1881 pro
654 1803 840 1891 ¹indulgentia
869 1820 921 1864 sua
953 1807 979 1863 in
1011 1804 1122 1864 liberos

91 1888 214 1963 Aprimo
230 1887 370 1952 iacturum
386 1904 419 1946 se
435 1887 561 1955 dixerat;
590 1903 658 1945 mox
683 1889 860 1965 paenitentia
880 1888 992 1963 ductus,
1024 1896 1054 1946 ut
1069 1887 1120 1945 ho·

120 1980 203 2031 nesle
225 1979 349 2050 negaret
375 1970 452 2051 quod
470 1979 581 2031 temere
608 1973 798 2049 promiserat,
829 1968 907 2032 Solis
934 1987 996 2032 eam
1022 1974 1125 2029 s'acers

121 2053 200 2114 datio
218 2056 377 2135 praefecit,
407 2071 465 2134 quo
481 2063 623 2134 perpetua
637 2054 680 2114 illi
695 2054 731 2114 ab
753 2054 883 2115 omnibus
897 2054 966 2112 viris
983 2053 1139 2131 pudicitiax

90 2138 327 2216 simperab'atur.
360 2137 433 2198 ilinc
456 2138 650 2199 exacerbatus
670 2140 782 2198 iuvenis
802 2140 830 2197 ln
848 2138 940 2214 iurgia
960 2136 1054 2215 primo
1070 2154 1122 2214 pa-

119 2222 172 2281 tris
188 2225 298 2300 erupit;
329 2239 397 2282 mox
413 2222 492 2282 iacta
508 2221 725 2281 cumfratribus
745 2221 960 2296 coniuratione,
989 2220 1055 2279 dum
1071 2236 1120 2297 pa·

119 2306 156 2364 tri
170 2305 288 2366 insidias
300 2315 399 2385 parat,
430 2306 631 2385 deprehensus
653 2323 718 2364 cum
733 2305 825 2364 sociis
843 2320 955 2381 poenas
973 2301 1121 2382 parricidii

90 2387 167 2450 fidis
190 2397 330 2468 paternae
357 2390 515 2450 maiestatis
542 2388 685 2448 ultoribus
710 2387 798 2448 dedit.
829 2384 977 2464 Coniuges
1005 2400 1122 2464 quoque

120 2474 245 2533 omnium
261 2490 325 2534 cum
346 2472 464 2547 liberis,
488 2471 619 2550 nequod
638 2471 794 2548 vestigium
814 2472 884 2530 tanti
899 2471 1025 2531 sceleris
1041 2478 1121 2528 exta·

90 2562 183 2630 iret,
209 2555 390 2615 interiectae.
430 2547 601 2614 Post‘haec
626 2552 807 2613 Artaxerxes
831 2553 933 2613 morbo
956 2572 994 2613 ex
1018 2553 1134 2613 dolore*

120 2646 270 2698 contracto
287 2638 420 2710 decedit,
448 2655 504 2696 rex
521 2654 605 2715 quam
621 2645 705 2715 pater
719 2635 844 2695 felicior.

91 2730 108 2782 1
182 2722 210 2782 3.
231 2719 387 2781 llereditas
401 2722 485 2797 regui
501 2719 584 2780 Ocho
598 2720 721 2794 tradita,
745 2720 793 2797 qui
808 2720 911 2778 timens
938 2737 1037 2798 parem
1053 2736 1122 2779 con·

119 2805 291 2869 iurationem
313 2805 425 2880 regiam
447 2812 638 2881 cognatorum
670 2803 761 2862 caede
785 2811 813 2861 et
838 2811 937 2880 strage
961 2804 1123 2881 principum

119 2888 233 2964 replet,
256 2887 351 2962 nulla,
378 2903 436 2946 non
457 2888 624 2963 sanguinis,
653 2902 710 2944 non
731 2901 836 2965 sexus,
864 2903 921 2946 uon
945 2888 1047 2945 aetatis
1071 2885 1121 2943 mi·

120 2971 282 3032 sericordia
296 2979 456 3050 permotus,
469 2971 583 3030 scilicet
598 2987 636 3028 ne
650 2970 833 3028 innocentior
847 2968 983 3028 iratribus
1001 2968 1121 3045 parrici-

89 3053 165 3115 adis
180 3053 346 3135 baberetur.
380 3053 477 3132 Atque
493 3055 533 3135 ita
550 3052 641 3112 veluti
662 3052 814 3130 purillcato
834 3066 926 3128 regno
941 3045 1049 3109 bellum
1067 3046 1122 3108 Oa·

90 3136 210 3202 adustis
225 3137 320 3199 iniert.
357 3135 390 3197 ln
412 3154 448 3196 eo
467 3136 608 3197 aduersus
631 3143 855 3214 provocatorem
876 3134 1000 3192 hostium
1025 3129 1121 3192 Ocdo·

120 3237 238 3281 mannus
270 3221 383 3301 quidam
418 3234 484 3279 cum·
512 3220 636 3279 omnium
667 3218 770 3278 lavore
796 3216 1009 3295 processisset,
1026 3215 1123 3284 ,hoste

123 3320 211 3365 caeso
227 3305 379 3364 victoriam
400 3304 461 3361 suis
483 3304 593 3380 pariter
609 3311 638 3360 et
661 3303 756 3379 prope
775 3301 913 3362 amissam
937 3295 1060 3377 gloriam
1075 3316 1122 3357 re-

90 3387 220 3446 4stituit.
254 3385 299 3445 Ob
312 3385 386 3446 baec
400 3386 510 3446 decora
526 3386 603 3445 idem
619 3383 822 3444 Oodomaunus
837 3382 1006 3461 praeficitur
1020 3382 1123 3441 Arme·

89 3466 185 3529 sniis.
215 3469 371 3527 interiecto
389 3467 494 3527 deiude
515 3476 648 3545 tempore
663 3475 731 3544 post
752 3454 873 3526 mo'rtem
892 3464 968 3525 Ochi
986 3466 1065 3542 regis
1083 3462 1123 3524 ob
