2442 3975
73 169 261 224 xxm-6
419 175 721 227 membrumuern.
758 165 760 168 ’
1004 169 1065 234 143

74 342 247 393 armatorum
268 333 297 390 in
315 332 455 392 auxilium
477 330 649 392 offerentem
669 329 797 408 sprevit,
827 332 923 392 addita
948 336 1067 415 insuper

75 417 247 476 contumelia
264 407 357 474 ac'tum
374 413 594 483 deMacedonia
610 413 721 489 dicens,
738 416 772 491 si,
788 432 851 473 cum
867 424 957 475 totum
969 422 1064 479 orien-

73 510 132 560 tem
148 499 205 558 soli
221 498 402 573 domuerint,
420 514 496 556 nuuc
510 497 539 555 in
553 496 708 558 vindictam
725 498 820 556 linium
836 497 978 558 Dardanis
994 520 1083 577 ege,

74 593 137 643 ant:
159 581 266 640 milites
282 598 316 640 se
331 580 441 640 babere
456 580 533 639 lilios
551 597 667 655 eorum,
685 583 732 657 qui
745 581 797 640 sub
809 580 978 641 Alexandro
990 601 1062 660 rege
1074 598 1111 648 lo

74 664 218 743 stipendia
241 673 302 723 toto
327 663 399 723 orbe
421 672 563 722 terrarum
583 665 712 723 victores
735 665 869 724 iecerint.
912 663 993 736 Quae
1014 667 1108 730 ubill

75 746 212 808 Dardano
235 748 299 823 regi
315 748 441 807 nuntiata
457 755 538 819 sunt,
560 746 686 805 inclitum
704 746 774 807 illud
789 746 980 807 Macedoniae
999 766 1066 826 reg·

76 850 143 891 num
159 831 243 889 brevi
258 832 388 889 immaturi
405 831 516 888 iuvenis
534 832 696 889 temeritate
713 845 845 890 casurum
861 831 942 889 dixit.
975 871 977 875 .

137 912 167 975 5.
199 912 290 989 Igitur
306 906 380 973 Galli
404 912 477 973 duce
492 912 596 989 Belgio
619 913 655 973 ad
676 914 859 991 temptandos
874 914 1093 978 Macedonuml

74 1001 184 1057 animos
206 998 322 1074 legatos
341 997 378 1056 a'd
399 996 597 1056 Ptolemaeum
618 997 744 1072 mittunt,
769 997 928 1058 offerentes
951 1015 1065 1076 pacem,

74 1083 99 1140 si
117 1099 215 1141 emere
232 1081 318 1141 velit:
341 1080 394 1140 sed
410 1079 595 1140 Ptolemaeus
610 1082 686 1139 inter
700 1097 769 1139 suos
785 1080 856 1139 belli
869 1090 946 1139 metu
962 1092 1095 1159 pacemb

75 1161 175 1224 Gallos
185 1174 299 1242 *petere
315 1165 458 1240 gloriatus
474 1171 530 1222 est.
564 1161 629 1222 Nec
646 1164 737 1222 minus
753 1164 894 1223 ferociter
909 1182 943 1223 se
961 1163 1095 1241 legatis3

75 1266 160 1325 quam
181 1249 257 1307 iuter
278 1249 387 1308 amicos
409 1248 545 1321 iactavit,
571 1246 657 1305 aliter
679 1265 713 1306 se
735 1264 837 1326 paoem
861 1247 992 1308 daturum
1017 1266 1067 1307 ne·

74 1332 191 1408 gando,
215 1332 270 1390 nisi
290 1333 439 1409 principes
458 1347 530 1406 suos
553 1329 673 1389 obsides
695 1330 829 1390 dederint
843 1340 872 1390 et
887 1349 965 1391 arma
980 1332 1066 1391 tradi·

75 1416 184 1474 derint:
209 1432 266 1473 non
288 1417 362 1473 enim
379 1415 465 1474 fidem
487 1432 520 1473 se
544 1414 599 1472 nisi
621 1414 778 1474 inermibus
798 1413 969 1474 habiturum.
1007 1414 1097 1477 tte-4

75 1501 201 1557 nuntiata
222 1492 369 1574 legatione
391 1499 485 1556 ris'ere
508 1495 598 1571 Galli,
623 1498 749 1575 undique
773 1497 969 1557 adclamantes
984 1497 1067 1556 brevi

76 1598 243 1653 sensurum,
266 1580 320 1639 sibi
339 1580 431 1640 anilii
448 1579 636 1638 consulentes
653 1596 756 1657 pacem
774 1578 939 1639 obtulerint.
974 1579 1095 1644 Inter-5

76 1665 159 1723 iectis
181 1662 285 1722 diebus
301 1663 446 1739 proelium
463 1662 641 1728 conseritur:
661 1664 729 1721 victi
746 1660 925 1732 Macedones
942 1663 1067 1723 caedun-

75 1756 129 1805 tur.
164 1745 356 1805 Ptolemaeus
378 1744 473 1803 multis
496 1744 666 1804 uulneribus
687 1746 804 1804 saucius
826 1747 955 1823 capitur:
979 1754 1097 1825 rapoto

75 1831 139 1888 eius
160 1836 334 1905 amputatum
356 1838 384 1886 et
405 1828 508 1887 lancea
531 1826 617 1885 lixum
637 1836 697 1886 tota
712 1829 776 1886 acie
792 1827 827 1887 ad
842 1837 985 1887 terrorem
998 1829 1096 1893 hos-7

75 1915 143 1972 tium
168 1911 380 1970 circumfertur.
417 1910 531 1970 Paucos
554 1927 591 1967 ex
606 1908 815 1969 Macedonibus
837 1911 904 1987 fuga
924 1914 1066 1971 servarit:

76 1997 169 2056 ceteri
192 2004 241 2055 aut
263 1995 339 2073 capti
362 2004 410 2054 aut
428 1995 529 2055 occisi.
563 1993 645 2053 Haec
668 2011 731 2053 cum
746 1996 872 2054 nuntiata
887 2013 942 2073 per
954 2005 1097 2059 omnem8

75 2079 274 2139 Macedoniam
292 2087 408 2152 essent,
430 2086 535 2156 portae
549 2076 661 2136 urbium
679 2077 863 2152 clauduntur,
880 2077 958 2137 luctu
974 2080 1068 2138 omnia

75 2163 239 2240 replentur;
257 2179 331 2220 nune
345 2161 497 2220 orbitatem
508 2162 676 2220 amissorum
690 2160 813 2220 liliorum
826 2161 974 2237 dolebant,
991 2172 1095 2225 nuncil

76 2246 190 2306 excidia
216 2245 326 2304 urbium
346 2243 530 2318 metuebant,
554 2261 629 2302 nunc
646 2244 805 2303 Alexandri
820 2243 1003 2323 Philippique
1021 2262 1066 2303 re·

75 2347 142 2405 gum
159 2347 276 2390 suorum
291 2329 406 2388 nomina
421 2329 505 2387 sicuti
520 2328 633 2386 numina
646 2328 674 2385 iu
685 2327 822 2386 auxilinm
833 2327 993 2388 vocabant:
1010 2327 1064 2387 sub
1077 2338 1112 2390 lo
1176 2399 1183 2411 .
1208 2375 1211 2381 .

75 2413 134 2472 illis
153 2428 186 2472 se
208 2431 266 2472 non
289 2412 382 2471 solum
399 2419 496 2486 tutos,
521 2411 719 2469 verumetiam
735 2412 864 2471 victores
881 2411 961 2482 orbis
975 2420 1066 2471 terra-

76 2514 138 2555 rum
153 2497 301 2556 extitisse:
319 2505 348 2554 ut
363 2503 512 2554 tuerentur
525 2495 646 2570 patrium
659 2511 749 2568 suam,
766 2512 849 2571 quam
861 2495 956 2571 gloria
968 2513 1063 2556 rerum
1076 2505 1109 2558 ll

75 2588 223 2654 gestarum
246 2579 330 2637 caelo
357 2579 519 2656 proximam
543 2576 755 2652 reddidissent,
785 2586 815 2637 ut
835 2596 921 2656 opem
943 2580 1067 2639 addictis

76 2662 204 2734 ferrent,
221 2679 295 2737 quos
310 2662 391 2720 iuror
405 2670 435 2720 et
449 2662 598 2720 temeritas
611 2659 771 2719 Ptolemaei
785 2663 864 2738 regis
879 2663 1066 2739 perdidisset,

77 2743 208 2803 orabant.
228 2742 458 2820 Desperantibus
474 2742 605 2803 omnibus
621 2758 679 2802 non
693 2745 770 2802 votis
783 2745 925 2821 agendum
942 2745 1062 2804 Sosthe·
1075 2754 1111 2805 12

76 2844 130 2885 nes
159 2844 232 2884 uuus
248 2827 285 2885 de
301 2826 481 2903 principibus
492 2826 684 2886 Macedonum
710 2836 789 2886 ratus
805 2836 953 2886 contracta
967 2829 1065 2884 iouen-

76 2918 185 2969 tuteet
202 2908 303 2970 Gallos
317 2910 440 2968 victoria
457 2909 620 2968 exultantes
636 2911 808 2988 conpescuit
823 2919 852 2968 et
865 2908 1065 2968 Macedoniam

76 2992 112 3052 ab
131 2992 230 3054 hostili
249 2992 439 3071 populatione
459 2991 598 3052 defendit.
636 2991 680 3051 Ob
702 2990 1111 3070 quaevirtutisbenelrcia13

75 3077 170 3136 multis
190 3077 337 3137 nobilibus
359 3094 480 3153 reguum
494 3074 684 3147 Macedoniae
700 3073 912 3136 adfectantibus
928 3074 1065 3150 ignobilis

75 3160 140 3235 ipse
163 3161 369 3237 praeponitur,
397 3169 425 3221 et
441 3163 505 3219 cum
519 3177 573 3218 rex
590 3158 627 3218 ab
643 3160 774 3218 exercitu
791 3156 954 3235 appellatus
971 3166 1108 3234 esset,14

75 3244 140 3318 ipse
154 3259 212 3301 non
228 3243 256 3300 in
272 3244 362 3318 regis,
380 3243 432 3302 sed
447 3244 476 3300 in
487 3243 570 3302 ducis
581 3259 686 3300 nomen
696 3243 791 3301 iurare
802 3240 908 3300 milites
923 3240 1063 3317 conpulit.

140 3323 168 3382 6.
190 3323 304 3383 Interea
318 3324 465 3399 Brennus,
486 3342 544 3403 quo
561 3324 636 3385 duce
651 3326 748 3401 portio
765 3323 912 3384 Gallorum
928 3325 956 3381 in
972 3322 1087 3386 Grae-1

76 3406 148 3466 eiam
171 3424 203 3466 se
220 3407 389 3489 effuderat,
402 3408 497 3469 audita
512 3408 635 3467 victoria
650 3425 783 3484 suorum,
809 3407 857 3483 qui
872 3406 1064 3483 Belgio'duoe
