2442 3975
94 167 158 242 ttvl
168 170 224 221 aa
447 175 538 224 ursa.
555 177 654 222 amu.
668 176 758 223 aera.
1034 161 1095 224 1⁰9

95 347 187 407 parva
201 345 283 386 manu
299 330 373 386 inter
395 336 439 387 tot
460 328 657 388 ferocissimas
680 338 786 404 gentes
807 331 929 388 reverti:
953 328 1094 390 Heracle·

95 430 182 471 enses
205 412 403 470 honestiorem
425 409 559 469 beneficii
582 428 666 487 quam
690 413 807 471 ultionis
831 414 1017 472 occasionem
1039 414 1100 472 rati·

95 497 250 567 instructos
267 492 473 554 commeatibus
490 492 661 571 auxiliisque
676 496 833 569 dimittunt,
856 493 932 552 bene
957 513 1091 570 agrorum
1103 506 1137 559 12

96 596 213 637 suorum
229 576 447 657 populationem
461 577 610 653 inpensam
630 579 845 651 existimantes,
868 580 891 635 si
903 594 977 654 quos
994 577 1094 638 hostes

87 659 256 720 vhabuerant
270 662 379 719 amicos
396 658 600 719 reddidissent.

33 742 36 747 ’
159 746 188 803 4.
212 744 294 804 Passi
308 752 374 802 sunt
394 745 470 801 intur
491 741 612 819 plurima
628 741 702 801 mala
725 744 810 802 etiam
833 743 1030 817 tyrannidem:
1054 743 1120 817 si}

97 827 211 904 quidem
228 846 290 886 cum
303 826 390 904 plebs
404 834 433 884 et
449 824 562 885 tabulas
576 842 668 883 novas
681 835 709 884 et
723 826 891 886 divisionem
906 843 1042 903 agrorum
1052 826 1094 884 di·

96 912 184 969 vitum
206 912 372 987 inpotenter
394 909 570 988 flagitarent,
584 909 631 967 diu
650 926 683 965 re
704 910 731 967 in
756 919 856 968 senatu
871 919 1007 985 tractata,
1031 920 1124 972 cumb

98 994 192 1052 exitus
207 996 249 1052 rei
264 1010 321 1051 uon
332 994 518 1065 inveniretur,
535 1000 711 1067 postremum
724 991 864 1051 adversus
876 993 994 1070 plebem
1009 994 1096 1053 nimio

98 1078 160 1135 otio
183 1077 382 1136 lascivientem
409 1074 516 1135 auxilia
544 1093 560 1133 a
582 1074 735 1134 Timotheo
756 1074 973 1135 Atheniensium
1009 1076 1116 1150 duce„

97 1177 165 1219 mcx
189 1160 224 1219 ab
245 1159 443 1237 Epaminonda
464 1157 668 1218 Thebanorum
693 1160 835 1235 petivere.
879 1158 1016 1236 Utrisque
1045 1174 1124 1221 are-4

72 1267 77 1278 ¹
97 1242 231 1319 gentibus
247 1243 282 1302 ad
299 1242 482 1316 cisoranum,
492 1259 579 1319 quem
595 1243 651 1318 ipsi
665 1243 693 1299 in
711 1240 828 1300 exilium
843 1251 974 1317 egerant,
993 1241 1094 1300 decur-

97 1335 170 1384 runt.
216 1326 306 1386 Tanta
325 1327 526 1386 calamitatium
541 1327 701 1385 necessitas
723 1326 790 1401 luit,
811 1334 842 1384 ut
857 1326 902 1384 cui
918 1326 1037 1401 patriam
1053 1328 1121 1388 iu·5

96 1410 286 1484 terdixerant,
302 1429 366 1469 eum
379 1410 416 1470 ad
429 1410 547 1468 tutelam
560 1411 670 1487 patriae
683 1417 832 1492 vocarent.
849 1410 908 1469 Sed
922 1406 1093 1484 Clearchus,
1106 1419 1123 1472 6

98 1492 186 1551 exilio
202 1493 396 1552 facinorosior
416 1494 545 1553 redditus
565 1502 594 1551 et
614 1493 826 1560 dissensionem
842 1492 943 1570 populi
961 1493 1093 1550 occasio·

97 1593 162 1632 nem
176 1576 357 1634 invadendae
369 1576 528 1649 tyrannidis
544 1576 721 1651 existimans,
739 1578 831 1652 primo
846 1577 950 1635 tacitus
965 1592 1028 1633 cum
1044 1573 1122 1637 lili-7

97 1656 239 1731 thridate,
259 1660 361 1716 civium
380 1671 495 1717 suorum
509 1657 613 1730 hosta,
630 1645 813 1735 codloquitur
826 1669 856 1718 et
872 1661 939 1718 inita
953 1658 1094 1717 societate

97 1740 265 1818 paciscitur,
283 1750 314 1798 ut
328 1749 483 1799 revocatus
497 1744 525 1798 in
538 1742 658 1818 patriam
670 1742 783 1818 prodita
800 1744 827 1801 ei
840 1742 910 1801 urbe
927 1742 1093 1819 praelectus

98 1825 161 1881 eius
190 1824 424 1882 constitueretur.
469 1823 574 1883 Postea
604 1833 698 1883 autem
721 1826 854 1897 insidias,
881 1842 953 1902 quas
983 1824 1123 1889 civibusss

97 1916 263 1984 paraverat,
282 1908 310 1965 in
325 1908 418 1984 ipsum
432 1906 624 1966 Mithridatem
640 1916 777 1967 verterat.
815 1907 945 1985 Namque
965 1918 1122 1971 cumve-9
1155 1955 1160 1970 .

98 1990 139 2048 lut
160 1991 267 2050 arbiter
289 1992 383 2050 civilis
407 1990 569 2050 discordiae
589 1991 678 2049 exilio
700 2010 838 2051 reversus
864 2002 960 2065 esset,
986 2001 1093 2051 statuto

97 2082 246 2149 tempore,
272 2091 329 2151 quo
345 2074 445 2132 urbem
461 2072 616 2133 Mithridati
631 2075 776 2149 traderet,
801 2077 893 2153 ipsum
917 2094 981 2134 cum
995 2076 1094 2133 amicis

98 2151 158 2214 suis
174 2158 266 2233 cepit,
290 2167 404 2235 captum
424 2167 546 2234 accepta
567 2159 675 2233 ingenti
696 2160 820 2235 pecunia
836 2150 950 2217 dimisit.
994 2157 1090 2234 Atque
1105 2170 1137 2221 10

97 2248 129 2297 ut
142 2241 170 2296 in
186 2238 237 2299 illc
254 2239 376 2299 subitum
394 2256 427 2299 se
443 2259 481 2299 ex
496 2242 579 2301 socio
598 2241 668 2299 lecit
684 2241 808 2316 hostem,
826 2243 868 2301 sic
884 2261 922 2302 ex
937 2241 1093 2302 defensore

98 2325 263 2382 senatoriae
281 2342 389 2383 causae
413 2333 535 2402 repente
553 2333 691 2402 patronus
706 2324 802 2402 plebis
825 2327 918 2384 evasit
939 2334 968 2384 et
989 2325 1134 2389 adver-11

98 2425 148 2465 sus
164 2416 300 2466 auctores
317 2410 465 2485 potentiae
482 2425 568 2482 suae,
595 2407 730 2485 aquibus
747 2417 904 2468 revocatus
918 2410 947 2468 in
961 2409 1091 2486 patriam,

97 2507 151 2566 per
169 2508 243 2567 quos
258 2491 286 2548 in
306 2508 375 2551 arce
391 2492 562 2551 conlocatus
579 2490 690 2565 iuerat,
717 2507 774 2549 uon
794 2492 888 2569 solum
909 2491 1026 2571 plebem
1045 2510 1092 2551 ac·

99 2573 211 2647 cendit,
230 2572 427 2633 verumetiam
442 2573 646 2634 nefandissima
662 2591 794 2651 quaeque
808 2577 974 2650 tyrannicae
991 2576 1100 2635 crude-⁸

97 2654 185 2713 litatis
207 2658 346 2714 exercuit.
391 2657 481 2734 lgitur
500 2658 610 2737 populo
633 2656 669 2717 ad
690 2660 1135 2734 contionemvocatoneque12

99 2736 259 2796 adiuturum
271 2757 304 2797 se
317 2739 438 2817 amplius
453 2743 596 2816 grassanti
612 2743 640 2798 iu
654 2741 792 2819 populum
808 2746 919 2802 senatui
935 2743 988 2806 ait;
1005 2743 1092 2799 inter·

12 2866 15 2871 ,
101 2837 250 2880 cessurum
267 2821 367 2895 etiam,
389 2823 459 2880 siin
483 2826 601 2901 pristina
622 2826 742 2883 saevitia
760 2833 946 2901 perseverem
973 2822 1050 2898 quod
1066 2823 1136 2891 sila

98 2920 186 2980 pares
208 2923 240 2964 se
268 2905 430 2964 crudelitati
447 2916 610 2966 senatorum
630 2906 852 2981 arbitrarentur,
875 2907 1015 2965 abiturum
1031 2921 1093 2963 cum

96 2985 232 3046 militibus
256 2989 316 3046 suis
344 2997 440 3066 neque
467 2989 599 3049 civilibus
620 2990 774 3049 discordiis
801 2989 1014 3061 interfuturum
1042 2989 1085 3045 sin
1100 2997 1135 3050 14

96 3086 168 3128 vero
184 3070 312 3131 diffidant
327 3072 435 3131 viribus
452 3075 595 3150 propriis,
610 3073 755 3133 vindictae
770 3092 804 3132 se
820 3074 921 3131 civium
939 3087 997 3129 nou
1011 3071 1092 3131 delu-

96 3158 198 3210 turum.
231 3153 356 3214 Proinde
371 3157 522 3216 cousulant
537 3156 679 3234 sibiipsi:
701 3156 912 3219 iubeautabire
931 3170 975 3224 se,
991 3169 1027 3210 aa
1040 3149 1095 3209 sibi
1103 3166 1136 3218 15

90 3235 195 3293 'malint
209 3237 289 3296 velut
309 3255 414 3299 causae
433 3240 582 3317 popularis
599 3242 710 3299 socium
728 3237 900 3299 remanere?
923 3237 974 3297 llis
989 3238 1088 3296 verbis
1103 3245 1136 3300 16

98 3316 251 3377 sollicitata
263 3319 348 3397 plebs
364 3340 500 3382 summum
514 3323 550 3382 ad
564 3340 628 3381 eum
642 3324 791 3400 imperium
805 3321 953 3399 delertet,
969 3320 1032 3380 dum
1047 3338 1094 3379 se·

97 3408 180 3458 natus
195 3404 343 3478 potentiae
358 3406 507 3483 irascitur,
530 3407 559 3464 in
574 3408 744 3464 servitutem
769 3422 802 3462 se
820 3405 987 3479 tyrannicae
1004 3404 1093 3465 domi·
