2442 3975
86 218 137 272 xv
146 222 202 274 as
295 184 298 187 ⁴
397 243 401 249 ·
427 226 727 284 111111111111.
1027 214 1088 276 105

89 380 257 457 provinciae
283 378 495 452 dividerentur,
517 377 719 452 ferocissimae
743 386 849 453 gentes
866 381 947 455 quasi
964 383 1087 439 omnium

87 464 247 524 fortissimo
258 461 427 536 adsignatae
443 469 522 518 sunt:
538 460 611 519 adeo
629 463 713 519 etiam
726 476 869 520 consensu
884 464 1082 523 universorum
1096 472 1130 527 1⁶

87 546 211 625 palmam
227 546 341 603 virtutis
357 545 432 601 inter
450 553 566 603 ceteros
580 544 654 602 tulit.

149 632 179 688 4
207 615 377 703 Priusquam
398 624 507 685 bellum
526 627 601 685 inter
622 625 818 685 Ptolemaeum
841 628 998 704 sociosque
1025 632 1113 693 eiust

88 711 229 771 adversus
244 709 421 785 Antigonum
436 710 674 789 committeretur,
696 718 820 786 repente
836 727 874 768 ex
891 710 962 770 Asia
977 713 1087 771 maiore
1183 716 1189 727 ’

88 794 238 870 digressus
254 793 398 852 Seleucus
413 809 505 852 novus
520 792 668 867 Antigono
684 791 776 850 hostis
791 803 968 852 accesserat.
998 789 1117 857 nunna

89 894 205 955 quoque
218 878 308 935 virtus
325 875 406 936 clara
419 885 449 934 et
465 877 549 951 origo
562 873 738 935 admirabilis
753 876 820 938 luit:
830 895 833 900 ·
842 877 984 952 siquidem
998 887 1119 942 matera

89 962 153 1019 eius
170 958 307 1035 Laudice,
320 977 387 1018 curn
400 968 488 1035 nupta
504 967 585 1017 esset
600 957 756 1032 Antiocho,
774 959 855 1017 claro
872 962 946 1019 inter
962 960 1087 1039 Philippi

88 1043 179 1102 duces
193 1044 268 1116 viro,
291 1042 354 1101 visa
370 1041 425 1102 sibi
444 1050 489 1101 cst
502 1059 555 1119 per
571 1042 696 1117 quietem
711 1059 749 1099 ex
767 1041 923 1100 concubitu
938 1043 1085 1121 Apollinis

89 1126 281 1203 concepisse,
304 1124 510 1201 gravidamque
537 1123 643 1183 iactam
668 1141 770 1182 munus
792 1125 965 1185 concubitus
993 1145 1008 1185 1
1031 1128 1116 1190 deos

88 1208 204 1269 anulum
229 1210 399 1284 accepisse,
422 1209 451 1265 in
472 1208 552 1266 cuius
577 1224 690 1283 gemma
711 1206 837 1266 anchora
858 1209 971 1286 sculpta
996 1220 1085 1284 esset,

87 1295 223 1370 iussaque
241 1291 346 1351 donum
361 1290 420 1350 lilio
435 1308 520 1368 quem
536 1291 701 1367 peperisset
715 1290 794 1349 dare.
824 1291 1031 1352 Admirabilem
1045 1293 1116 1356 le·5

88 1378 127 1435 cit
141 1375 217 1435 hunc
231 1376 329 1452 visum,
339 1383 367 1433 et
383 1372 494 1448 anulus,
514 1374 561 1450 qui
577 1381 695 1450 postera
710 1373 756 1432 die
773 1374 902 1434 eiusdem
919 1376 1087 1454 sculpturae

87 1461 115 1517 in
139 1459 217 1517 lecto
235 1460 367 1517 inventus
383 1466 445 1532 est,
472 1465 501 1514 et
516 1457 605 1532 ligura
622 1457 793 1534 [anchorae]
802 1502 811 1535 ,
839 1475 913 1534 quae
931 1460 959 1516 in
975 1458 1086 1517 femore

87 1541 206 1601 Seleuci
231 1549 297 1600 nata
315 1558 380 1598 cum
400 1540 465 1616 ipso
487 1540 609 1616 parvulo
635 1539 697 1598 1111.
743 1539 937 1612 Quamobrem
959 1539 1114 1603 Laudicea

88 1624 202 1683 anulum
221 1622 349 1681 Seleuco
376 1623 453 1679 eunti
477 1639 540 1679 cum
560 1621 729 1681 Alexandro
755 1639 859 1697 magno
884 1622 920 1681 ad
940 1622 1086 1683 Persicam

87 1706 232 1778 militiam,
257 1703 362 1762 edocto
379 1702 415 1762 de
434 1704 546 1779 origine
570 1720 638 1778 sua,
661 1704 748 1763 dedit.
793 1703 851 1765 Ubi
874 1714 942 1782 post
965 1716 1113 1771 mortem?

87 1787 405 1863 Alexandri-occupato
417 1803 510 1861 reguo
523 1787 642 1844 orientis
656 1787 758 1846 urbem
769 1787 906 1862 condidit,
921 1788 960 1846 ibi
971 1807 1087 1867 quoque

87 1871 221 1948 geminae
237 1870 357 1946 originis
372 1869 537 1927 memoriam
550 1872 743 1928 consecravit.
788 1869 861 1929 Nam
884 1880 913 1929 et
929 1871 1031 1944 urbem
1047 1883 1114 1934 118

88 1953 224 2015 Antiochi
238 1953 328 2030 patris
342 1954 456 2011 nomine
471 1949 654 2012 Antiochiam
667 1953 782 2013 vocavit
798 1963 826 2011 et
838 1969 957 2030 campos
969 1956 1084 2014 vicinos

88 2038 152 2098 urbi
178 2036 310 2114 Apollini
333 2035 450 2095 dicavit.
496 2033 622 2111 Originis
651 2038 713 2094 eius
734 2045 930 2112 argumentum
952 2040 1037 2097 etiam
1060 2040 1116 2102 ins

88 2120 349 2199 posteris-mansit:
373 2117 515 2197 siquidem
538 2118 589 2177 lilii
606 2128 791 2196 nepotesque
806 2119 867 2184 eius
884 2119 1040 2180 anchoram
1060 2123 1088 2179 in

87 2205 202 2263 femore
217 2201 308 2261 veluti
327 2210 423 2261 notam
445 2204 564 2277 generis
583 2203 742 2262 naturalem
757 2202 895 2261 habuere
940 2202 1062 2263 Multa'
1055 2223 1084 2263 m
1097 2217 1131 2267 10

89 2286 201 2365 oriente
221 2293 289 2364 post
311 2284 481 2343 divisionem
502 2286 576 2343 inter
595 2286 694 2344 socios
711 2287 794 2362 regni
811 2286 992 2347 Macedonici
1009 2286 1088 2346 bella

89 2371 191 2449 gessit
236 2367 381 2445 Principio
401 2366 563 2442 Babylona
580 2370 671 2446 cepit;
697 2368 763 2427 inde
785 2370 878 2428 auctis
901 2387 939 2428 ex
960 2371 1083 2429 victoria
1097 2381 1128 2432 ll

87 2452 198 2513 viribus
212 2451 383 2511 Bactrianos
401 2451 587 2528 expugnavit.
634 2452 799 2511 Transitum
815 2450 945 2511 deinde
936 2452 1130 2515 rnlndiam12

87 2535 175 2610 lecit,
198 2552 272 2632 quae
294 2542 363 2612 post
381 2542 503 2593 mortem
519 2532 695 2610 Alexandri,
718 2534 809 2594 ueluti
832 2535 1027 2595 cervicibus
1019 2553 1088 2614 rugo

88 2619 236 2678 servitutis
252 2634 390 2693 excusso,
413 2616 583 2695 praefectos
601 2619 663 2675 eius
679 2617 838 2677 occiderat.
870 2617 983 2679 Auctor
996 2620 1083 2680 liber·
1097 2631 1132 2684 13

87 2703 154 2760 tatis
170 2694 380 2759 Sandrocottns
391 2698 496 2774 iuerat,
511 2700 564 2759 sed
579 2700 690 2759 titulum
704 2699 846 2761 libertatis
858 2710 925 2780 post
935 2704 1087 2761 victoriam

87 2785 117 2842 in
138 2784 307 2842 servitutem
323 2791 465 2841 verterat:
489 2782 632 2859 siquidem
655 2792 797 2861 occupato
815 2802 909 2860 regno
932 2784 1080 2881 populum,
1097 2795 1132 2846 14

89 2883 176 2945 quem
204 2864 239 2924 ab
269 2873 390 2924 externa
422 2864 616 2925 dominatione
640 2865 890 2942 vindicaverat,
881 2884 945 2944 ipse
967 2867 1087 2925 servitio

87 2947 251 3028 premebat.
274 2945 338 3007 Fuit
353 2945 400 3005 hic
414 2946 512 3006 humili
527 2949 642 3026 quidem
658 2967 769 3025 genere
785 2958 878 3024 natus,
890 2948 943 3007 sed
955 2947 991 3008 ad
1002 2950 1085 3025 regni
1096 2960 1130 3010 15

86 3031 262 3111 potestatem
279 3031 433 3091 maiestate·
441 3034 563 3091 numinis
579 3031 724 3109 inpulsus:
738 3034 847 3110 quippe
864 3046 928 3090 cnm
952 3032 1132 3106 procaci-16

86 3124 147 3174 tate
167 3133 218 3175 sua
233 3113 378 3174 Nandrum
400 3130 501 3189 regem
517 3114 699 3191 offendisset,
721 3115 845 3173 interfici
868 3131 884 3177 a
906 3130 978 3188 rege
993 3115 1088 3172 iussus

86 3197 211 3257 salutern
234 3197 341 3275 pedum
365 3195 516 3255 celeritate
543 3200 718 3273 quaesierat.
758 3196 809 3255 ‘Ex
831 3214 886 3273 qua
912 3195 1083 3271 fatigatione
1096 3206 1129 3261 17

88 3298 153 3340 cum
165 3297 270 3344 somno
280 3286 381 3355 captus
394 3280 515 3352 iaceret,
529 3278 577 3338 leo
591 3281 717 3356 ingentis
731 3280 842 3339 formae
854 3278 891 3338 ad
900 3278 1089 3338 dormientem

87 3362 424 3437 accessitsudoremque
439 3360 634 3437 prolluentam
650 3363 747 3437 lingua
765 3363 791 3422 ei
806 3362 1088 3440 detersitexperge·

87 3445 255 3523 factumque
271 3442 376 3504 blande
391 3443 518 3521 reliquit.
563 3444 627 3504 lloc
647 3445 781 3522 prodigio
805 3447 928 3522 primum
947 3445 983 3505 ad
1003 3456 1131 3524 specul&
