2442 3975
81 213 185 276 xxtll
200 221 253 273 aa
423 223 515 272 msr.
531 224 626 271 euru.
641 224 733 270 seru.
1012 211 1073 273 153

146 384 175 443 2.
207 381 277 440 Post
301 378 464 438 discessum
488 376 648 435 Ptolemaei
671 375 815 436 Seleucus
842 395 905 438 cum
930 377 1100 443 adversusr

83 469 233 538 civitam,
256 479 331 540 quae
354 460 541 535 defecerant,
565 460 711 535 ingentem
729 460 855 519 classem
873 469 1074 538 comparasset,

81 557 203 628 repente
229 546 309 604 velut
330 545 375 603 dis
396 545 468 620 ipsis
491 542 677 621 parricidium
698 543 909 603 vindicantibus
926 554 989 603 orta
1003 552 1074 603 tem·

81 640 196 711 pestate
213 629 339 688 classem
355 627 507 702 naufragio
525 626 640 685 amittit:
655 643 711 683 uec
728 628 879 704 quicquam
889 626 932 685 illi
945 645 983 685 ex
993 636 1103 688 tantot

82 716 220 793 adparatu
243 718 362 788 praeter
383 710 488 769 nudum
512 725 620 785 corpus
642 717 672 767 et
689 711 818 785 spiritum
837 719 866 768 et
881 727 991 787 paucos
1007 727 1075 766 nau·

82 799 168 873 iragii
183 795 305 858 comites
321 792 454 852 residuos
468 798 582 852 lurtuna
594 791 674 851 fecit.
692 790 800 853 Misera
813 793 928 874 quidem
939 810 1003 867 res,
1021 792 1105 855 sed3

83 879 211 958 optanda
226 877 353 936 Seleuco
369 876 437 935 fuit:
462 876 602 954 siquidem
619 875 769 951 civitates,
787 893 860 954 quae
876 877 944 936 odio
961 876 1024 934 eius
1041 875 1078 934 ad

83 963 280 1023 Ptolemaeum
305 959 495 1033 transierant,
518 959 599 1017 velut
622 957 667 1016 dis
684 958 798 1018 arbitris
815 961 1007 1019 satisfactum
1022 958 1077 1017 sibi

84 1054 182 1119 esset,
207 1044 359 1122 repentina
374 1043 532 1101 animorum
547 1042 704 1100 mutatione
719 1043 747 1099 in
763 1043 893 1118 naufragi
910 1044 1076 1101 misericor-

84 1130 158 1188 diam
181 1144 287 1186 versae
304 1126 427 1203 imperio
444 1126 555 1184 secius
573 1124 735 1184 restituunt.
770 1125 875 1184 Laetus
892 1126 979 1202 igitur
994 1125 1107 1187 malini

83 1214 143 1270 suis
167 1219 196 1269 et
218 1210 328 1269 damnis
358 1207 445 1267 ditior
471 1208 603 1266 redditus
631 1207 802 1286 velutipar
827 1209 937 1268 viribus
968 1208 1078 1267 bellum
1126 1215 1129 1223 ⁴

83 1295 252 1354 Ptolemaeo
275 1292 378 1350 iulert:
406 1291 459 1350 sed
481 1290 621 1368 quasiad
643 1289 796 1350 ludibrium
814 1302 922 1351 tautum
940 1293 1103 1354 furtunaet
1162 1309 1168 1319 ·

82 1387 166 1437 natus
191 1385 272 1435 esset
293 1376 348 1434 ne'c
370 1383 493 1453 propter
507 1374 585 1433 aliud
600 1391 674 1451 opes
690 1377 774 1452 regni
791 1378 973 1453 recepisset,
993 1391 1078 1453 quam

64 1470 114 1519 ¹ut
137 1461 299 1532 amitteret,
323 1459 417 1517 victus
443 1458 557 1536 proelio
578 1474 636 1515 nou
659 1459 747 1517 multo
775 1476 861 1536 quam
877 1468 944 1535 post
960 1459 1077 1516 naulra-

83 1546 161 1618 gium
181 1542 343 1600 comitatior
359 1542 489 1618 trepidus
502 1541 694 1599 Antiocheam
711 1541 851 1616 confugit.
879 1541 949 1600 lude
965 1541 1000 1599 ad
1017 1540 1105 1602 An-ti

83 1619 211 1683 tibchnm
227 1625 344 1681 fratrem
361 1623 472 1683 litteras
488 1625 576 1696 lacit,
599 1622 703 1699 quibus
720 1625 855 1682 auxilium
872 1625 935 1683 eius
952 1622 1078 1699 inploret

84 1708 182 1768 oblata
204 1708 233 1764 ei
248 1705 320 1764 Asia
341 1707 414 1764 iutra
436 1706 521 1765 linem
539 1704 625 1763 'lauri
647 1708 751 1764 montis
771 1709 799 1764 in
820 1708 979 1787 praemium
1001 1705 1077 1764 latae

84 1792 159 1868 opis.
192 1788 352 1847 Antiochus
368 1798 462 1849 autem
485 1806 548 1848 cum
566 1796 647 1847 esset
661 1806 752 1848 annos
767 1788 849 1848 Xllll
865 1798 973 1864 uatus,
990 1804 1077 1865 supra
1088 1796 1124 1854 70

65 1870 208 1932 ‘aetatem
229 1872 312 1948 regni
334 1872 435 1931 avidus
451 1874 639 1931 occasionem
654 1889 712 1930 uon
727 1881 783 1930 tam
798 1874 847 1950 pio
863 1874 974 1947 auimo,
994 1888 1079 1948 quam

84 1956 279 2031 offerebatur,
298 1955 437 2033 adripuit:
458 1955 510 2015 sed
525 1955 647 2014 latronis
662 1972 742 2014 more
759 1956 841 2016 lratri
855 1965 945 2015 totum
961 1956 1078 2031 eripere
1138 2017 1141 2021 ,

84 2042 205 2117 cupiens
228 2057 302 2117 puer
324 2040 498 2099 sceleratam
513 2040 684 2115 virilemque
700 2041 785 2099 sumit
799 2040 959 2098 audaciam.
993 2037 1110 2100 Unde&

83 2124 201 2183 Hieran*
213 2132 259 2181 est
278 2116 518 2200 *cognominatum
541 2125 607 2201 quia
623 2140 680 2180 uon
696 2123 835 2199 hominis,
860 2122 913 2182 sed
929 2121 1078 2197 accipitris

83 2211 137 2266 ritu
163 2210 191 2264 in
215 2207 318 2266 alienis
341 2206 499 2285 eripiendis
522 2208 609 2264 vitam
632 2214 805 2265 sectaretur.
844 2205 960 2265 luterea
981 2203 1108 2267 Ptole-9

83 2308 182 2349 maeus
206 2308 269 2349 cum
291 2291 465 2349 Antiochum
489 2291 517 2348 in
538 2288 673 2348 auxilium
694 2288 823 2348 Seleuco
842 2291 942 2348 venire
967 2303 1077 2364 cogno·

6 2418 10 2423 .
84 2377 194 2448 visum,
226 2392 263 2432 ne
286 2391 349 2431 cum
373 2373 484 2433 duobus
506 2368 562 2430 uno
585 2380 719 2451 tempore
743 2371 909 2448 dimicaret,
937 2373 965 2430 in
987 2386 1077 2429 anuos

83 2455 111 2515 X
127 2475 189 2515 cum
204 2456 333 2515 Seleuco
358 2474 461 2534 pacem
483 2455 568 2516 lacit:
597 2455 651 2515 sed
672 2465 732 2532 pax
753 2455 790 2515 ab
804 2455 890 2515 hoste
906 2456 972 2514 data
987 2456 1074 2513 inter·
1087 2465 1124 2517 lo

83 2540 240 2616 poliatura
257 2540 363 2614 fratrc,
381 2541 429 2618 qui
447 2540 590 2598 conducto
609 2538 757 2598 Gallorum
774 2540 976 2598 mercennario
993 2555 1078 2597 exer·

86 2624 144 2680 citu
166 2637 220 2699 pro
242 2622 349 2681 auxilio
364 2622 489 2698 bellum,
512 2640 566 2700 pro
581 2622 672 2681 iratre
687 2622 801 2681 hostem
820 2623 979 2700 inploratur
997 2621 1078 2679 exhi·
1184 2661 1186 2663 -

84 2703 157 2762 buit.
178 2703 211 2761 ln
222 2721 258 2763 cu
271 2705 386 2780 proelio
399 2709 504 2764 virtute
517 2704 665 2765 Gallorum
677 2707 772 2764 victor
785 2706 901 2783 quidem
912 2703 1075 2763 Antiochus
1087 2715 1119 2765 li

84 2782 156 2859 luit,
192 2786 245 2844 sed
265 2785 340 2845 Galli
370 2787 542 2847 arbitrantes
564 2788 723 2847 Seleucum
742 2790 769 2846 iu
792 2789 907 2866 proelio
932 2787 1078 2847 cecidisse

83 2871 114 2928 in
142 2870 236 2945 ipsum
256 2868 431 2928 Antiochum
457 2888 534 2929 arma
557 2882 692 2945 vertere,
724 2870 854 2931 liberius
873 2867 1079 2946 depopulaturi

85 2951 201 3026 Asiam,
225 2952 249 3009 si
267 2969 380 3010 omnem
396 2954 515 3030 stirpem
536 2955 646 3031 regiam
669 2956 871 3013 extinxisseut.
918 2951 1003 3025 Quod
1025 2949 1074 3008 ubi
1087 2959 1123 3011 12

84 3037 176 3094 sensit
191 3034 370 3111 Antiochus,
391 3037 471 3095 velut
493 3055 508 3096 a
525 3037 723 3114 praedonibus
746 3056 816 3105 auro
838 3057 871 3097 se
888 3034 1010 3096 redemit
1030 3050 1077 3092 so·

86 3120 281 3197 cietatemque
298 3138 362 3178 cum
377 3122 584 3179 mercennariis
600 3122 659 3178 suis
675 3122 774 3196 iungit.
982 3129 985 3136 '

149 3202 177 3261 3.
198 3199 315 3262 Interea
329 3222 382 3261 rex
392 3202 542 3276 Bithyniae
554 3202 700 3262 Eumenes
715 3205 825 3281 sparsis
840 3201 1075 3280 consumptisque
1088 3212 1103 3262 1
1131 3200 1137 3206 ’

84 3282 223 3342 iratribus
246 3284 326 3344 bello
348 3287 501 3345 intestinae
523 3285 689 3345 discordiae
713 3289 795 3363 quasi
817 3295 968 3344 vacantem
989 3283 1078 3341 Asiae

85 3368 306 3443 possessionem
327 3369 479 3427 invasurus
497 3369 638 3427 victorem
655 3368 828 3435 Antiochum
845 3368 1005 3445 Gallosque
1027 3364 1077 3424 ud·

83 3449 223 3525 graditur.
252 3448 316 3509 Nec
331 3450 449 3510 diliicile
466 3453 584 3510 saucios
599 3450 693 3510 adhuc
711 3469 749 3510 ex
766 3452 918 3528 superiore
935 3458 1105 3526 magnes-2
