2442 3975
84 196 137 249 ΧΠ
150 200 192 250 ro
206 198 240 251 rt
433 205 525 253 urar.
542 206 634 253 euru.
650 207 739 254 serr
1046 192 1088 256 89

84 377 149 418 cum
163 356 283 417 fratrem
297 355 471 434 Aridaeum,
492 375 557 417 cum
571 357 715 417 Roxanen
735 376 857 417 uxorem
880 351 1088 443 praegnantem

83 442 279 518 relinqueret,
304 439 412 498 oblitus
432 435 675 501 necessitudinum
696 442 891 539 dignissimum
913 445 1085 522 nuncuparit
1163 464 1168 474 ·

84 524 241 588 heredem:
278 539 399 600 prorsus
420 525 530 600 quasi
522 524 606 584 selas
629 534 710 588 esset
733 524 881 585 virolorti
903 524 989 584 alium
1006 538 1133 604 quamdo

83 608 176 667 virum
192 607 297 666 fortem
308 605 488 681 succedere,
505 616 554 666 aut
569 609 639 667 tanti
653 607 739 684 regni
755 622 830 686 opes
845 607 909 666 aliis
924 625 1009 685 quam
1021 627 1088 686 pro·

83 690 158 750 batis
174 690 308 766 relinqui.
343 687 405 748 Hac
419 705 496 749 voce
519 690 609 754 ueluti
630 690 767 751 bellicum
789 693 864 749 inter
884 692 994 750 amicos
1013 693 1130 754 ceci-ll

83 774 176 832 nisset
193 782 242 832 aut
257 771 363 831 malum
378 771 543 836 discordiae
559 775 703 849 misisset,
729 775 768 833 ita
791 791 892 834 omnes
912 776 941 833 in
962 774 1089 834 aemula·

82 857 191 916 tionem
207 863 386 938 consurgunt
408 864 438 915 et
458 856 616 916 ambitione
636 857 717 933 vulgi
737 858 854 916 tacitum
870 857 1001 917 favorem
1016 857 1088 915 mili·

82 948 141 998 tum
165 946 317 1015 quaerunt
348 938 437 997 Sexta
460 939 508 998 die
529 940 685 1016 praeclusa
709 956 785 999 voce
809 949 988 1024 exemptum
1000 940 1133 1016 digitolt

82 1020 198 1081 anulum
219 1019 378 1080 Perdiccae
400 1022 532 1095 tradidit,
563 1040 639 1099 quae
666 1040 716 1081 res
736 1018 915 1098 gliscentem
932 1025 1090 1083 amicorum

81 1104 296 1164 dissensionem
312 1104 436 1163 sedavit.
466 1103 539 1163 Nam
555 1107 611 1164 etsi
627 1122 686 1164 uon
699 1122 776 1164 voce
794 1116 974 1184 nuncupatus
990 1107 1090 1181 heres,
1099 1115 1134 1169 13

82 1187 190 1248 iudicio
206 1197 302 1246 tamen
318 1187 432 1246 electus
447 1186 652 1247 videbatur

150 1272 198 1331 16.
221 1270 361 1329 Decessit
375 1269 546 1329 Alexander
562 1289 664 1330 mense
678 1269 759 1331 lunio
776 1288 867 1334 anuos
882 1281 944 1332 tres
959 1282 989 1332 et
1007 1269 1118 1334 XXXI

83 1362 183 1432 natus,
199 1355 251 1414 vir
259 1371 347 1433 supra
362 1351 513 1414 humanam
524 1355 683 1431 potentiam
699 1356 893 1431 magnitudine
909 1356 994 1414 animi
1004 1371 1089 1432 prae·

83 1440 168 1498 ditus.
207 1438 270 1512 Qua
283 1446 372 1498 nocte
394 1456 460 1497 eum
483 1445 576 1498 mater
596 1434 747 1515 Olympias
771 1440 924 1516 concepit,
950 1441 1012 1498 uisa
1035 1445 1119 1514 per-2

82 1523 210 1599 quietem
226 1532 271 1581 est
287 1539 351 1581 oum
367 1522 477 1598 ingenti
494 1529 634 1599 serpente
648 1521 785 1596 volutari,
802 1539 858 1579 nec
873 1521 998 1598 decepta
1015 1538 1089 1578 som·

83 1606 130 1663 nio
147 1614 206 1663 est:
229 1600 293 1663 nam
314 1605 451 1682 proiecto
469 1605 561 1663 maius
575 1604 697 1665 humana
718 1602 894 1662 mortalitate
913 1620 988 1680 opus
1005 1611 1089 1660 utero
1170 1599 1173 1603 ’

82 1687 161 1746 tulit:
185 1704 269 1763 quam
286 1704 349 1746 cum
364 1687 558 1748 Aeacidarum
575 1706 650 1764 gens
665 1688 700 1747 ab
717 1686 814 1747 ultima
830 1686 1013 1754 saeculorum
1028 1695 1119 1748 mes

84 1770 176 1828 moria
193 1778 223 1828 et
237 1787 329 1846 regna
346 1771 456 1847 patris,
479 1770 592 1846 fratris,
615 1771 708 1831 mariti
729 1788 764 1830 ac
786 1769 928 1846 deinceps
951 1769 1091 1826 maiorum

86 1855 211 1913 omnium
227 1853 461 1927 inlustraverint,
477 1853 584 1912 nullius
599 1863 695 1913 tamen
717 1855 831 1912 nomine
853 1869 938 1931 quam
959 1851 1011 1909 lilii
1032 1850 1090 1908 cla·

85 1939 146 1996 rior
160 1936 222 2001 luit.
250 1935 384 2013 Prodigia
400 1937 601 2017 magnitudinis
615 1937 677 2001 eius
692 1939 758 2016 ipso
769 1946 833 1996 ortu
848 1933 984 1996 nonnulla
1001 1941 1122 2014 appa-t

84 2038 181 2079 ruere
198 2018 269 2080 Nam
286 2036 321 2079 ea
337 2020 401 2095 die,
418 2037 473 2097 qua
491 2029 573 2080 natus
590 2029 651 2096 est,
669 2022 742 2081 duae
757 2019 872 2098 aquilae
889 2029 951 2079 tota
963 2020 1010 2079 die
1023 2037 1088 2096 per·
1102 2032 1119 2081 5

57 2135 62 2145 ·
85 2112 172 2182 petes
187 2120 274 2180 supra
290 2103 405 2162 culmen
419 2103 522 2162 domus
535 2107 626 2182 patris
642 2105 704 2163 eins
723 2104 879 2178 sederunt,
896 2119 982 2163 omen
997 2100 1090 2178 dupli·

86 2189 129 2246 cis
156 2186 271 2263 imperii
294 2184 432 2262 Europae
455 2186 604 2264 Asiaeque
632 2183 844 2265 praeferentes.
887 2184 997 2245 Eadem
1019 2200 1089 2260 quo·
1102 2193 1120 2245 6

85 2287 142 2347 que
162 2268 209 2327 die
232 2268 359 2326 nuntium
374 2277 459 2345 pater
482 2269 544 2329 eius
561 2269 679 2330 duarum
696 2272 881 2330 victoriarum
899 2261 1029 2346 accepit:
1050 2265 1090 2325 al·

85 2361 149 2411 tera
170 2350 241 2412 belli
261 2351 389 2426 Illyrici,
411 2353 504 2412 altera
520 2355 685 2412 certaminis
701 2352 862 2452 Olympici,
883 2354 913 2411 in
928 2351 1005 2429 quod
1021 2368 1090 2427 qua·

86 2435 231 2511 drigarum
248 2453 350 2495 currus
373 2436 505 2496 miserat:
528 2437 606 2514 quod
626 2453 710 2495 omen
730 2438 928 2495 universarum
943 2445 1091 2495 terrarum

83 2519 235 2585 victoriam
251 2518 350 2579 infanti
367 2519 570 2598 portendebat.
601 2520 683 2579 Puer
693 2521 841 2580 acerrimis
856 2518 1016 2580 litterarum
1031 2526 1090 2575 stu·
1101 2524 1117 2578 7

85 2600 139 2679 diis
155 2602 282 2661 eruditus
297 2603 359 2662 iuit
382 2602 494 2663 Exacta
506 2603 632 2682 pueritia
648 2621 701 2680 per
711 2604 933 2682 quinquennium
945 2601 999 2661 sub
1013 2601 1093 2660 dris-
1102 2608 1124 2661 8

85 2681 177 2741 totels
195 2679 335 2761 doctore,
351 2686 451 2745 inclito
466 2688 589 2745 omnium
606 2686 862 2764 pbilosophorum,
885 2687 989 2745 crevit.
1033 2683 1092 2742 dc·
1103 2692 1120 2744 9

88 2773 178 2843 cepto
197 2765 327 2826 deinde
318 2772 440 2845 rmperio
453 2788 554 2847 regem
574 2788 607 2828 se
630 2778 771 2829 terrarum
797 2770 919 2828 omniurn
946 2785 980 2826 ac
995 2765 1092 2823 mundi

85 2846 256 2931 appellari
248 2851 332 2909 russit
349 2859 513 2929 tantamque
526 2853 659 2913 fiduciam
674 2871 718 2913 sur
710 2852 869 2911 militibus
885 2851 972 2923 iecit,
994 2857 1025 2906 ut
1038 2847 1090 2905 illo
1100 2858 1136 2909 lb

84 2939 243 3009 praesente
258 2931 363 2991 nullius
379 2934 470 2993 hostis
491 2953 569 2996 arma
588 2953 646 2995 nec
658 2937 785 2994 inermes
804 2934 959 2994 timuerint
989 2929 1132 3007 ltaquell

86 3032 149 3073 curn
165 3015 381 3075 nullohostium
392 3034 524 3095 umquam
539 3022 717 3096 congressus
730 3027 775 3077 est
783 3034 891 3094 ,quern
903 3031 960 3073 non
971 3013 1117 3080 vicerim:

84 3098 192 3157 nullam
208 3098 310 3159 urbem
326 3097 458 3178 obsedit,
476 3119 559 3178 quam
575 3119 633 3161 non
649 3101 876 3179 expugnaverim
898 3096 1004 3156 nullam
1019 3112 1090 3171 gen·

84 3189 142 3239 tem
164 3183 247 3257 adiit,
273 3200 357 3260 quarn
379 3201 436 3243 non
459 3186 627 3245 calcaverit.
656 3184 758 3243 Victus
779 3183 903 3260 denique
921 3178 956 3240 ad
974 3186 1134 3257 posue-12

84 3281 158 3323 mum
178 3274 224 3324 est
246 3282 303 3325 non
323 3269 429 3326 virtute
450 3267 564 3342 hostili,
593 3269 646 3328 sed
669 3266 779 3327 insidiis
800 3281 917 3324 suorum
940 3271 968 3322 et
988 3261 1090 3354 fraude

86 3346 174 3406 civili.
637 3384 640 3389 ι
