2442 3975
80 234 174 289 xt'llt
189 238 249 289 or
436 238 633 287 ursnemr..
646 237 736 283 sr1r.
798 185 801 192 Ι
1018 223 1078 282 119

84 395 209 455 lacrimis
231 402 261 455 et
282 394 484 454 lamentatione
505 389 594 450 debili
610 396 715 448 vocato
731 387 766 446 ad
782 395 958 464 postremum
974 388 1076 446 ituram

81 496 132 553 se,
153 495 211 556 quo
230 493 304 537 suae
325 476 404 535 urbis
423 475 482 535 lota
501 481 658 545 vocarent,
679 468 839 547 respondit.
871 468 904 529 lo
917 470 975 530 boc
993 470 1110 533 trienno

80 563 219 619 mensium
237 567 350 637 sumpto
366 559 471 637 spatio,
490 574 560 634 pyra
575 557 605 613 in‘
622 554 719 613 ultima
734 561 817 629 parte
831 551 912 611 urbis
928 553 1076 627 instructa,

80 643 161 701 velut
184 643 333 720 placatura
354 641 408 700 viri
430 657 527 699 manes
547 638 726 712 inferiasque
741 645 807 696 aute
822 637 936 712 nuptias
953 636 1079 694 nissum

82 724 186 783 multas
208 725 318 784 bostias
330 723 426 783 caedit
441 731 470 781 et
486 729 600 798 sumpto
615 719 714 796 gladio
730 735 830 795 pyram
843 717 1014 777 conscendit
1033 725 1101 780 ati

81 824 142 883 que
154 807 193 865 ita
208 807 244 866 ad
258 807 396 890 populum
408 806 571 882 respiciens
586 807 687 862 ituram
703 818 735 860 se
747 800 893 873 advirum,
903 801 977 859 sicut
992 817 1098 878 prae.

82 890 230 965 ceperint,
252 888 322 947 dixit
340 890 484 965 vitamque
506 886 602 961 gladio
621 885 720 943 linivit.
760 882 913 955 Quamdiu
929 881 1104 957 Carthago&

82 972 188 1029 invicta
203 971 268 1047 iuit,
289 987 343 1048 pro
359 971 413 1029 dea
429 969 505 1028 calta
520 978 574 1027 est
602 965 724 1026 Condita
740 976 785 1026 est
798 966 873 1026 baec
888 966 957 1025 urbs
971 963 1105 1027 Lxxlle

81 1056 163 1111 annis
177 1061 242 1112 ante
258 1070 342 1129 quam
360 1053 466 1110 lloma:
484 1053 564 1110 cuius
578 1051 669 1109 virtus
684 1051 758 1108 sicut
771 1048 852 1109 bello
869 1050 947 1109 clara
959 1049 1023 1123 fuit,
1039 1049 1120 1106 italo

82 1137 159 1194 dorni
182 1145 272 1194 status
291 1136 379 1195 variis
401 1133 610 1194 discordiarum
631 1132 745 1191 casibus
768 1134 892 1208 agitatus
914 1140 969 1190 est.
1005 1127 1116 1189 Gumll

76 1220 156 1277 vinter
180 1226 280 1277 cetera
294 1219 370 1277 mala
385 1218 471 1276 etiam
489 1226 574 1294 peste
591 1214 773 1289 laborarent,
796 1224 914 1274 cruenta
927 1230 1076 1274 sacrorum

81 1301 225 1377 religione
247 1310 277 1359 et
300 1302 417 1360 scelere
444 1316 498 1378 pro
518 1298 648 1357 remedio
666 1299 709 1355 usi
725 1307 802 1356 sunt:
822 1301 930 1376 quippe
946 1297 1076 1356 bornincs
1085 1304 1120 1355 12

81 1392 112 1441 ut
128 1385 259 1443 victimas
275 1382 460 1444 immolabant
479 1379 514 1442 et¹
522 1380 696 1459 inpuberes,
720 1398 795 1458 quae
811 1390 892 1441 aetas
907 1382 992 1440 etiarn
1008 1379 1075 1438 bos-

80 1466 157 1524 tium·
170 1466 397 1525 misericordiam
415 1473 575 1543 provocat,
595 1465 653 1523 aris
670 1463 871 1538 admovebant,
887 1481 989 1541 pacem
1006 1463 1075 1522 deo-

80 1566 142 1606 rum
158 1549 299 1623 sanguine
315 1565 413 1607 eorum
429 1548 638 1626 exposcentes,
653 1563 706 1623 pro
722 1563 843 1623 quorum
857 1548 915 1606 rita
934 1547 961 1605 di
977 1545 1075 1620 rogari

80 1631 202 1688 maxime
218 1629 323 1688 solent.
481 1677 483 1682 .

65 1772 69 1778 ,
143 1714 172 1770 7.
203 1710 304 1788 ltaque
320 1712 451 1771 adversis
469 1718 547 1769 tanto
563 1709 680 1769 scelere
696 1710 866 1783 numinibus,
883 1730 946 1771 curn
961 1713 988 1769 in
1003 1710 1100 1770 Sici-l

81 1794 119 1853 lia
143 1794 190 1853 diu
210 1792 336 1852 leliciter
357 1793 555 1870 dimicassent,
570 1791 725 1854 *translato
749 1796 778 1851 in
798 1793 957 1860 Sardiniam
982 1792 1074 1865 bello,

81 1878 185 1936 amissa
216 1876 326 1934 rnaiore
353 1875 500 1934 exercitus
525 1883 608 1952 parte
638 1876 720 1950 gravi
748 1875 863 1953 proelio
898 1876 965 1934 victi
995 1882 1072 1931 sunt:

81 1959 295 2038 propterquod
312 1959 510 2039 ducemsuum
533 1956 672 2032 llaleum,
696 1958 777 2017 cuius
799 1959 935 2035 auspiciis
954 1965 983 2016 et
1000 1956 1102 2017 stet-a

47 2062 50 2066 ·
80 2042 137 2102 liae
154 2051 264 2121 partem
280 2042 450 2101 domuerant
464 2050 493 2099 et
507 2040 647 2100 adversus
664 2038 753 2099 Afros
768 2057 884 2116 magnas
904 2058 952 2099 res
972 2055 1074 2123 gesse·

79 2135 159 2200 rant,
183 2143 245 2184 curn
260 2134 344 2202 parte
360 2125 517 2198 exercitus,
537 2140 613 2200 quae
626 2123 810 2200 superfuerat
816 2167 824 2200 ,
846 2123 966 2182 exulare
982 2124 1074 2179 iusse-

79 2216 154 2266 runt.
186 2206 276 2280 Quam
289 2225 348 2266 rem
364 2216 455 2282 ocg're
474 2207 604 2265 ferentes
619 2205 724 2265 milites
740 2206 855 2280 legatos
872 2203 1105 2280 Cartbaginem3

79 2291 200 2363 mittunt,
227 2291 274 2366 qui
290 2289 411 2348 reditum
427 2288 520 2366 primo
536 2291 708 2366 veniamque
734 2287 858 2346 infelicis
880 2289 998 2347 militiae
1022 2303 1072 2363 pe·

79 2381 150 2445 tant,
172 2381 229 2430 tum
247 2372 423 2445 denuntient,
440 2373 518 2449 quod
532 2373 673 2448 precibus
687 2379 842 2448 nequeant,
859 2373 944 2430 armis
959 2388 992 2429 se
1005 2385 1072 2427 con·

80 2463 243 2514 secaturos.
284 2452 354 2513 Cum
377 2463 407 2513 et
429 2471 537 2530 preces
559 2463 589 2513 et
606 2455 700 2512 minae
715 2454 877 2529 legatorum
893 2457 1011 2531 spretae
1026 2460 1103 2512 est

81 2547 154 2614 sent,
163 2535 431 2596 interiectisdiebus
440 2539 610 2595 conscensis
624 2536 744 2611 navibus
752 2539 851 2596 armati
863 2537 898 2597 ad
913 2536 1014 2595 urbem
1021 2553 1070 2593 ve·

79 2620 173 2691 ninnt,
192 2618 240 2677 ubi
255 2619 327 2681 deos
345 2618 534 2696 hominesque
547 2621 660 2695 testati,
679 2636 737 2677 non
754 2637 788 2677 se
800 2628 1004 2696 expugnatum,
1018 2617 1102 2677 sedo

79 2702 273 2776 reciperatum
299 2702 552 2776 patriam·renire,
569 2711 796 2777 ostensurosque
812 2701 922 2761 civibus
939 2703 997 2760 suis
1014 2716 1073 2761 non

78 2784 214 2840 virtutem
235 2781 291 2853 si&
308 2783 407 2858 priore
421 2783 513 2858 bello,
530 2785 583 2843 sed
599 2784 741 2842 fortunam
754 2781 1101 2860 defuisse,·probibitjs6

46 2924 49 2928 Δ
79 2863 285 2923 commeatibus
311 2863 492 2942 obsessaque
514 2866 592 2930 urbe
624 2866 666 2939 io,
681 2883 817 2925 summam
840 2866 1072 2944 desperationem

48 3017 52 3026 Ι
79 2938 332 3023 carthaginienses
350 2946 536 3008 adduxerunt.
568 2948 683 3009 lnterea
697 2946 851 3023 Carthalo,
872 2946 959 3005 llalei
977 2944 1098 3005 exulisl

79 3030 160 3088 ducis
175 3026 268 3105 lilius,
292 3023 355 3088 cu’rn
371 3039 489 3107 praeter
507 3039 600 3089 castra
618 3032 708 3109 patris
723 3049 738 3089 a
753 3030 842 3104 Tyro,
859 3045 916 3106 quo
932 3028 1070 3086 decimam

77 3111 211 3172 llerculis
227 3113 306 3172 ferre
319 3130 356 3171 ex
368 3112 476 3190 praedo
492 3113 648 3187 Siciliensi,
665 3130 749 3190 quarn
763 3121 847 3190 pater
863 3112 925 3169 eius
938 3117 1069 3187 ceperat,

77 3192 387 3271 aGartbaginiensibus
403 3197 506 3254 missus
521 3195 626 3271 iuerat,
645 3203 843 3254 reverteretur
854 3193 1070 3273 arcessitosque

77 3294 94 3334 a
110 3285 192 3352 patre
206 3286 297 3351 esset,
317 3279 395 3355 prius
409 3296 442 3337 se
457 3278 592 3356 publicae
606 3278 760 3353 religionis
776 3276 873 3336 cilicia
886 3283 1071 3334 executurum

78 3375 161 3434 quam
171 3360 300 3435 privatae
310 3362 424 3436 pietatis
437 3360 596 3438 respondit.
611 3359 703 3432 Quam
715 3377 775 3418 rem
789 3361 844 3418 etsi
856 3356 1101 3434 indignelerret8

73 3448 172 3518 pater,
191 3459 247 3500 nou
262 3451 357 3501 tamen
372 3442 429 3501 vim
445 3443 561 3503 adferre
580 3442 715 3519 religioni
728 3458 815 3501 ausus
828 3449 882 3500 est.
911 3438 1105 3504 Interiectis9
