<?xml version="1.0" encoding="UTF-8"?>
<!DOCTYPE html PUBLIC "-//W3C//DTD XHTML 1.0 Transitional//EN"
    "http://www.w3.org/TR/xhtml1/DTD/xhtml1-transitional.dtd">
<html xmlns="http://www.w3.org/1999/xhtml" xml:lang="en" lang="en">
 <head>
  <title>
</title>
<meta http-equiv="Content-Type" content="text/html;charset=utf-8" />
  <meta name='ocr-system' content='tesseract 3.04.00' />
  <meta name='ocr-capabilities' content='ocr_page ocr_carea ocr_par ocr_line ocrx_word'/>
</head>
<body>
  <div class='ocr_page' id='page_1' title='image "./iustinustrogipo00troggoog_0384.png"; bbox 0 0 2442 3975; ppageno 0'>
   <div class='ocr_carea' id='block_1_1' title="bbox 522 257 1152 315">
    <p class='ocr_par' dir='ltr' id='par_1_1' title="bbox 522 257 1152 315">
     <span class='ocr_line' id='line_1_1' title="bbox 522 257 1152 315; baseline -0.006 0"><span class='ocrx_word' id='word_1_1' title='bbox 522 267 631 315; x_wconf 65' lang='lat' dir='ltr'>cnoel</span> <span class='ocrx_word' id='word_1_2' title='bbox 645 266 777 314; x_wconf 78' lang='lat' dir='ltr'>POMPEI</span> <span class='ocrx_word' id='word_1_3' title='bbox 984 257 1073 311; x_wconf 81' lang='lat' dir='ltr'>XXXI</span> <span class='ocrx_word' id='word_1_4' title='bbox 1090 261 1117 312; x_wconf 82' lang='lat' dir='ltr'>l.</span> <span class='ocrx_word' id='word_1_5' title='bbox 1132 262 1152 311; x_wconf 75' lang='lat'>2</span> 
     </span>
    </p>
   </div>
   <div class='ocr_carea' id='block_1_2' title="bbox 421 518 835 593">
    <p class='ocr_par' dir='ltr' id='par_1_2' title="bbox 421 518 835 593">
     <span class='ocr_line' id='line_1_2' title="bbox 421 518 835 593; baseline -0.012 -1"><span class='ocrx_word' id='word_1_6' title='bbox 421 520 648 592; x_wconf 84' lang='lat' dir='ltr'><strong>LIBER</strong></span> <span class='ocrx_word' id='word_1_7' title='bbox 689 518 835 593; x_wconf 87' lang='lat' dir='ltr'>XXXI.</span> 
     </span>
    </p>
   </div>
   <div class='ocr_carea' id='block_1_3' title="bbox 54 638 1197 3570">
    <p class='ocr_par' dir='ltr' id='par_1_3' title="bbox 102 638 1147 748">
     <span class='ocr_line' id='line_1_3' title="bbox 102 638 1147 748; baseline -0.007 -14"><span class='ocrx_word' id='word_1_8' title='bbox 102 735 105 740; x_wconf 70' lang='grc'>,</span> <span class='ocrx_word' id='word_1_9' title='bbox 128 683 143 734; x_wconf 93' lang='grc'>1</span> <span class='ocrx_word' id='word_1_10' title='bbox 220 674 247 731; x_wconf 87' lang='lat' dir='ltr'>l.</span> <span class='ocrx_word' id='word_1_11' title='bbox 270 638 393 730; x_wconf 81' lang='lat' dir='ltr'>Mortuo</span> <span class='ocrx_word' id='word_1_12' title='bbox 411 670 580 729; x_wconf 83' lang='lat' dir='ltr'><strong>Ptolemaeo</strong></span> <span class='ocrx_word' id='word_1_13' title='bbox 597 670 800 748; x_wconf 76' lang='lat' dir='ltr'>Philopatore,</span> <span class='ocrx_word' id='word_1_14' title='bbox 818 688 892 745; x_wconf 80' lang='lat' dir='ltr'>rege</span> <span class='ocrx_word' id='word_1_15' title='bbox 909 668 1054 745; x_wconf 80' lang='lat' dir='ltr'><strong>Aegypti,</strong></span> <span class='ocrx_word' id='word_1_16' title='bbox 1079 686 1147 728; x_wconf 86' lang='lat' dir='ltr'>con-</span> 
     </span>
    </p>

    <p class='ocr_par' dir='ltr' id='par_1_4' title="bbox 62 752 1146 914">
     <span class='ocr_line' id='line_1_4' title="bbox 62 752 1146 832; baseline -0.002 -19"><span class='ocrx_word' id='word_1_17' title='bbox 62 772 68 783; x_wconf 82' lang='grc'>’</span> <span class='ocrx_word' id='word_1_18' title='bbox 155 762 322 832; x_wconf 86' lang='lat' dir='ltr'>temptuque</span> <span class='ocrx_word' id='word_1_19' title='bbox 339 754 450 831; x_wconf 90' lang='lat' dir='ltr'>parvuli</span> <span class='ocrx_word' id='word_1_20' title='bbox 462 754 512 812; x_wconf 91' lang='lat' dir='ltr'>lilii</span> <span class='ocrx_word' id='word_1_21' title='bbox 528 755 591 812; x_wconf 90' lang='lat' dir='ltr'>eius</span> <span class='ocrx_word' id='word_1_22' title='bbox 603 762 710 828; x_wconf 84' lang='lat' dir='ltr'>aetate,</span> <span class='ocrx_word' id='word_1_23' title='bbox 728 755 776 831; x_wconf 93' lang='lat' dir='ltr'>qui</span> <span class='ocrx_word' id='word_1_24' title='bbox 792 755 819 811; x_wconf 92' lang='lat' dir='ltr'>in</span> <span class='ocrx_word' id='word_1_25' title='bbox 831 770 913 830; x_wconf 93' lang='lat' dir='ltr'>spem</span> <span class='ocrx_word' id='word_1_26' title='bbox 928 754 1011 828; x_wconf 84' lang='lat' dir='ltr'>regni</span> <span class='ocrx_word' id='word_1_27' title='bbox 1024 752 1146 811; x_wconf 88' lang='lat' dir='ltr'>relictus</span> 
     </span>
     <span class='ocr_line' id='line_1_5' title="bbox 155 837 1146 914; baseline -0.003 -18"><span class='ocrx_word' id='word_1_28' title='bbox 155 838 264 914; x_wconf 91' lang='lat' dir='ltr'>praeda</span> <span class='ocrx_word' id='word_1_29' title='bbox 283 839 367 896; x_wconf 90' lang='lat' dir='ltr'>etiam</span> <span class='ocrx_word' id='word_1_30' title='bbox 385 837 552 896; x_wconf 78' lang='lat' dir='ltr'>domesticis</span> <span class='ocrx_word' id='word_1_31' title='bbox 570 846 648 912; x_wconf 88' lang='lat' dir='ltr'>erat,</span> <span class='ocrx_word' id='word_1_32' title='bbox 665 837 842 910; x_wconf 73' lang='lat' dir='ltr'>Antiochus,</span> <span class='ocrx_word' id='word_1_33' title='bbox 858 853 912 893; x_wconf 87' lang='lat' dir='ltr'>rex</span> <span class='ocrx_word' id='word_1_34' title='bbox 930 837 1044 910; x_wconf 77' lang='lat' dir='ltr'>Syriae,</span> <span class='ocrx_word' id='word_1_35' title='bbox 1060 853 1146 894; x_wconf 91' lang='lat' dir='ltr'>occu·</span> 
     </span>
    </p>

    <p class='ocr_par' dir='ltr' id='par_1_5' title="bbox 126 912 1148 1163">
     <span class='ocr_line' id='line_1_6' title="bbox 126 912 1146 998; baseline -0.004 -17"><span class='ocrx_word' id='word_1_36' title='bbox 126 929 144 981; x_wconf 76' lang='grc'><strong>2</strong></span> <span class='ocrx_word' id='word_1_37' title='bbox 157 919 227 998; x_wconf 88' lang='lat' dir='ltr'>pare</span> <span class='ocrx_word' id='word_1_38' title='bbox 241 919 407 998; x_wconf 77' lang='lat' dir='ltr'>Aegyptum</span> <span class='ocrx_word' id='word_1_39' title='bbox 419 922 525 979; x_wconf 86' lang='lat' dir='ltr'>statuit.</span> <span class='ocrx_word' id='word_1_40' title='bbox 552 918 654 998; x_wconf 88' lang='lat' dir='ltr'>ltaque</span> <span class='ocrx_word' id='word_1_41' title='bbox 669 912 836 979; x_wconf 79' lang='lat' dir='ltr'>Phoenicen</span> <span class='ocrx_word' id='word_1_42' title='bbox 852 928 1025 997; x_wconf 88' lang='lat' dir='ltr'>ceterasque</span> <span class='ocrx_word' id='word_1_43' title='bbox 1043 919 1146 992; x_wconf 78' lang='lat' dir='ltr'>Syriae</span> 
     </span>
     <span class='ocr_line' id='line_1_7' title="bbox 157 1002 1148 1081; baseline -0.002 -20"><span class='ocrx_word' id='word_1_44' title='bbox 157 1002 289 1079; x_wconf 84' lang='lat' dir='ltr'>quidem,</span> <span class='ocrx_word' id='word_1_45' title='bbox 305 1002 358 1061; x_wconf 89' lang='lat' dir='ltr'>sed</span> <span class='ocrx_word' id='word_1_46' title='bbox 374 1005 442 1062; x_wconf 90' lang='lat' dir='ltr'>iuris</span> <span class='ocrx_word' id='word_1_47' title='bbox 457 1003 586 1081; x_wconf 79' lang='lat' dir='ltr'>Aegypti</span> <span class='ocrx_word' id='word_1_48' title='bbox 603 1005 735 1064; x_wconf 91' lang='lat' dir='ltr'>civitates</span> <span class='ocrx_word' id='word_1_49' title='bbox 757 1021 820 1062; x_wconf 91' lang='lat' dir='ltr'>cum</span> <span class='ocrx_word' id='word_1_50' title='bbox 838 1002 1010 1079; x_wconf 90' lang='lat' dir='ltr'>invasisset,</span> <span class='ocrx_word' id='word_1_51' title='bbox 1031 1002 1148 1078; x_wconf 83' lang='lat' dir='ltr'>legatos</span> 
     </span>
     <span class='ocr_line' id='line_1_8' title="bbox 156 1085 1146 1163; baseline -0.005 -17"><span class='ocrx_word' id='word_1_52' title='bbox 156 1086 191 1146; x_wconf 88' lang='lat' dir='ltr'>ad</span> <span class='ocrx_word' id='word_1_53' title='bbox 215 1105 278 1144; x_wconf 93' lang='lat' dir='ltr'>eum</span> <span class='ocrx_word' id='word_1_54' title='bbox 300 1095 417 1146; x_wconf 90' lang='lat' dir='ltr'>senatus</span> <span class='ocrx_word' id='word_1_55' title='bbox 439 1087 537 1162; x_wconf 84' lang='lat' dir='ltr'>mittit,</span> <span class='ocrx_word' id='word_1_56' title='bbox 560 1087 608 1163; x_wconf 88' lang='lat' dir='ltr'>qui</span> <span class='ocrx_word' id='word_1_57' title='bbox 631 1086 846 1161; x_wconf 81' lang='lat' dir='ltr'>denuntiarent,</span> <span class='ocrx_word' id='word_1_58' title='bbox 872 1085 1031 1144; x_wconf 82' lang='lat' dir='ltr'>abstineret</span> <span class='ocrx_word' id='word_1_59' title='bbox 1053 1100 1146 1159; x_wconf 84' lang='lat' dir='ltr'>regno</span> 
     </span>
    </p>

    <p class='ocr_par' dir='ltr' id='par_1_6' title="bbox 128 1167 1147 1412">
     <span class='ocr_line' id='line_1_9' title="bbox 128 1167 1147 1248; baseline -0.003 -20"><span class='ocrx_word' id='word_1_60' title='bbox 128 1170 259 1247; x_wconf 70' lang='lat' dir='ltr'>spupilli</span> <span class='ocrx_word' id='word_1_61' title='bbox 276 1171 430 1248; x_wconf 86' lang='lat' dir='ltr'>postremis</span> <span class='ocrx_word' id='word_1_62' title='bbox 454 1170 543 1246; x_wconf 90' lang='lat' dir='ltr'>patris</span> <span class='ocrx_word' id='word_1_63' title='bbox 561 1170 698 1246; x_wconf 88' lang='lat' dir='ltr'>precibus</span> <span class='ocrx_word' id='word_1_64' title='bbox 721 1170 787 1228; x_wconf 91' lang='lat' dir='ltr'>lidei</span> <span class='ocrx_word' id='word_1_65' title='bbox 809 1187 879 1227; x_wconf 90' lang='lat' dir='ltr'>suae</span> <span class='ocrx_word' id='word_1_66' title='bbox 895 1169 1001 1228; x_wconf 87' lang='lat' dir='ltr'>traditi.</span> <span class='ocrx_word' id='word_1_67' title='bbox 1036 1167 1147 1240; x_wconf 80' lang='lat' dir='ltr'>Quibus</span> 
     </span>
     <span class='ocr_line' id='line_1_10' title="bbox 157 1252 1147 1329; baseline -0.004 -18"><span class='ocrx_word' id='word_1_68' title='bbox 157 1255 264 1329; x_wconf 87' lang='lat' dir='ltr'>spretis</span> <span class='ocrx_word' id='word_1_69' title='bbox 293 1254 444 1310; x_wconf 91' lang='lat' dir='ltr'>interiecto</span> <span class='ocrx_word' id='word_1_70' title='bbox 471 1260 603 1329; x_wconf 91' lang='lat' dir='ltr'>tempore</span> <span class='ocrx_word' id='word_1_71' title='bbox 637 1253 692 1312; x_wconf 91' lang='lat' dir='ltr'>alia</span> <span class='ocrx_word' id='word_1_72' title='bbox 720 1253 830 1328; x_wconf 84' lang='lat' dir='ltr'>legatio</span> <span class='ocrx_word' id='word_1_73' title='bbox 856 1252 1040 1329; x_wconf 89' lang='lat' dir='ltr'>supervenit,</span> <span class='ocrx_word' id='word_1_74' title='bbox 1071 1267 1147 1325; x_wconf 92' lang='lat' dir='ltr'>quae</span> 
     </span>
     <span class='ocr_line' id='line_1_11' title="bbox 156 1331 1145 1412; baseline -0.004 -19"><span class='ocrx_word' id='word_1_75' title='bbox 156 1336 262 1393; x_wconf 91' lang='lat' dir='ltr'>omissa</span> <span class='ocrx_word' id='word_1_76' title='bbox 279 1334 381 1412; x_wconf 92' lang='lat' dir='ltr'>pupilli</span> <span class='ocrx_word' id='word_1_77' title='bbox 401 1351 526 1411; x_wconf 92' lang='lat' dir='ltr'>persona</span> <span class='ocrx_word' id='word_1_78' title='bbox 541 1337 673 1394; x_wconf 90' lang='lat' dir='ltr'>civitates</span> <span class='ocrx_word' id='word_1_79' title='bbox 695 1336 757 1394; x_wconf 89' lang='lat' dir='ltr'>iure</span> <span class='ocrx_word' id='word_1_80' title='bbox 773 1334 843 1394; x_wconf 90' lang='lat' dir='ltr'>belli</span> <span class='ocrx_word' id='word_1_81' title='bbox 859 1335 949 1394; x_wconf 87' lang='lat' dir='ltr'>iactas</span> <span class='ocrx_word' id='word_1_82' title='bbox 966 1331 1067 1411; x_wconf 89' lang='lat' dir='ltr'>populi</span> <span class='ocrx_word' id='word_1_83' title='bbox 1084 1331 1145 1390; x_wconf 89' lang='lat' dir='ltr'>Ro·</span> 
     </span>
    </p>

    <p class='ocr_par' dir='ltr' id='par_1_7' title="bbox 127 1415 1197 1579">
     <span class='ocr_line' id='line_1_12' title="bbox 127 1415 1197 1493; baseline -0.004 -13"><span class='ocrx_word' id='word_1_84' title='bbox 127 1418 230 1480; x_wconf 70' lang='lat' dir='ltr'>dmani</span> <span class='ocrx_word' id='word_1_85' title='bbox 250 1419 278 1476; x_wconf 94' lang='lat' dir='ltr'>in</span> <span class='ocrx_word' id='word_1_86' title='bbox 298 1418 440 1493; x_wconf 81' lang='lat' dir='ltr'>integrum</span> <span class='ocrx_word' id='word_1_87' title='bbox 460 1419 571 1476; x_wconf 89' lang='lat' dir='ltr'>restitui</span> <span class='ocrx_word' id='word_1_88' title='bbox 593 1418 720 1477; x_wconf 91' lang='lat' dir='ltr'>iubebat.</span> <span class='ocrx_word' id='word_1_89' title='bbox 753 1418 897 1477; x_wconf 87' lang='lat' dir='ltr'>Abnuenti</span> <span class='ocrx_word' id='word_1_90' title='bbox 915 1417 1023 1475; x_wconf 93' lang='lat' dir='ltr'>bellum</span> <span class='ocrx_word' id='word_1_91' title='bbox 1038 1415 1146 1475; x_wconf 88' lang='lat' dir='ltr'>denun·</span> <span class='ocrx_word' id='word_1_92' title='bbox 1193 1469 1197 1476; x_wconf 63' lang='lat'>.</span> 
     </span>
     <span class='ocr_line' id='line_1_13' title="bbox 157 1500 1003 1579; baseline 0 -21"><span class='ocrx_word' id='word_1_93' title='bbox 157 1502 269 1575; x_wconf 91' lang='lat' dir='ltr'>tiatum,</span> <span class='ocrx_word' id='word_1_94' title='bbox 286 1500 363 1579; x_wconf 85' lang='lat' dir='ltr'>quod</span> <span class='ocrx_word' id='word_1_95' title='bbox 378 1501 428 1559; x_wconf 91' lang='lat' dir='ltr'>ille</span> <span class='ocrx_word' id='word_1_96' title='bbox 447 1501 533 1559; x_wconf 89' lang='lat' dir='ltr'>iacile</span> <span class='ocrx_word' id='word_1_97' title='bbox 549 1512 715 1578; x_wconf 89' lang='lat' dir='ltr'>susceptum</span> <span class='ocrx_word' id='word_1_98' title='bbox 731 1502 885 1560; x_wconf 81' lang='lat' dir='ltr'>infeliciter</span> <span class='ocrx_word' id='word_1_99' title='bbox 901 1502 1003 1577; x_wconf 82' lang='lat' dir='ltr'>gessit.</span> 
     </span>
    </p>

    <p class='ocr_par' dir='ltr' id='par_1_8' title="bbox 128 1582 1146 1661">
     <span class='ocr_line' id='line_1_14' title="bbox 128 1582 1146 1661; baseline -0.008 -14"><span class='ocrx_word' id='word_1_100' title='bbox 128 1596 144 1647; x_wconf 88' lang='lat'>5</span> <span class='ocrx_word' id='word_1_101' title='bbox 220 1582 331 1643; x_wconf 86' lang='lat' dir='ltr'>Eodem</span> <span class='ocrx_word' id='word_1_102' title='bbox 350 1585 481 1661; x_wconf 90' lang='lat' dir='ltr'>tempore</span> <span class='ocrx_word' id='word_1_103' title='bbox 498 1593 526 1642; x_wconf 91' lang='lat' dir='ltr'>et</span> <span class='ocrx_word' id='word_1_104' title='bbox 539 1583 630 1643; x_wconf 88' lang='lat' dir='ltr'>Nabis</span> <span class='ocrx_word' id='word_1_105' title='bbox 645 1594 782 1659; x_wconf 77' lang='lat' dir='ltr'>tyrannus</span> <span class='ocrx_word' id='word_1_106' title='bbox 798 1585 901 1643; x_wconf 90' lang='lat' dir='ltr'>multas</span> <span class='ocrx_word' id='word_1_107' title='bbox 918 1583 1058 1643; x_wconf 86' lang='lat' dir='ltr'>Graeciae</span> <span class='ocrx_word' id='word_1_108' title='bbox 1075 1582 1146 1640; x_wconf 89' lang='lat' dir='ltr'>civi-</span> 
     </span>
    </p>

    <p class='ocr_par' dir='ltr' id='par_1_9' title="bbox 128 1666 1146 1911">
     <span class='ocr_line' id='line_1_15' title="bbox 128 1666 1145 1745; baseline -0.009 -14"><span class='ocrx_word' id='word_1_109' title='bbox 128 1675 231 1731; x_wconf 87' lang='lat' dir='ltr'>6tates</span> <span class='ocrx_word' id='word_1_110' title='bbox 247 1676 451 1745; x_wconf 90' lang='lat' dir='ltr'>occupaverat.</span> <span class='ocrx_word' id='word_1_111' title='bbox 482 1666 572 1744; x_wconf 83' lang='lat' dir='ltr'>Igitur</span> <span class='ocrx_word' id='word_1_112' title='bbox 594 1677 728 1743; x_wconf 88' lang='lat' dir='ltr'>senatus,</span> <span class='ocrx_word' id='word_1_113' title='bbox 749 1687 785 1727; x_wconf 92' lang='lat' dir='ltr'>ne</span> <span class='ocrx_word' id='word_1_114' title='bbox 808 1685 865 1725; x_wconf 94' lang='lat' dir='ltr'>uno</span> <span class='ocrx_word' id='word_1_115' title='bbox 884 1677 1017 1744; x_wconf 91' lang='lat' dir='ltr'>tempore</span> <span class='ocrx_word' id='word_1_116' title='bbox 1038 1666 1145 1743; x_wconf 90' lang='lat' dir='ltr'>duplici</span> 
     </span>
     <span class='ocr_line' id='line_1_16' title="bbox 156 1749 1146 1829; baseline -0.002 -22"><span class='ocrx_word' id='word_1_117' title='bbox 156 1749 236 1808; x_wconf 92' lang='lat' dir='ltr'>bello</span> <span class='ocrx_word' id='word_1_118' title='bbox 257 1751 405 1820; x_wconf 84' lang='lat' dir='ltr'>Romanae</span> <span class='ocrx_word' id='word_1_119' title='bbox 422 1751 500 1809; x_wconf 89' lang='lat' dir='ltr'>vires</span> <span class='ocrx_word' id='word_1_120' title='bbox 518 1751 732 1825; x_wconf 88' lang='lat' dir='ltr'>detinerentur,</span> <span class='ocrx_word' id='word_1_121' title='bbox 750 1751 867 1829; x_wconf 87' lang='lat' dir='ltr'>scripsit</span> <span class='ocrx_word' id='word_1_122' title='bbox 884 1749 1054 1823; x_wconf 84' lang='lat' dir='ltr'>Flaminino,</span> <span class='ocrx_word' id='word_1_123' title='bbox 1076 1749 1099 1806; x_wconf 90' lang='lat' dir='ltr'>si</span> <span class='ocrx_word' id='word_1_124' title='bbox 1118 1750 1146 1806; x_wconf 88' lang='lat' dir='ltr'>ci</span> 
     </span>
     <span class='ocr_line' id='line_1_17' title="bbox 154 1830 1145 1911; baseline 0.001 -22"><span class='ocrx_word' id='word_1_125' title='bbox 154 1832 303 1909; x_wconf 88' lang='lat' dir='ltr'>videatur,</span> <span class='ocrx_word' id='word_1_126' title='bbox 326 1834 408 1892; x_wconf 93' lang='lat' dir='ltr'>sicuti</span> <span class='ocrx_word' id='word_1_127' title='bbox 424 1830 622 1893; x_wconf 86' lang='lat' dir='ltr'>Macedoniam</span> <span class='ocrx_word' id='word_1_128' title='bbox 643 1852 659 1893; x_wconf 91' lang='lat' dir='ltr'>a</span> <span class='ocrx_word' id='word_1_129' title='bbox 681 1833 830 1911; x_wconf 89' lang='lat' dir='ltr'>Philippo,</span> <span class='ocrx_word' id='word_1_130' title='bbox 852 1837 891 1892; x_wconf 93' lang='lat' dir='ltr'>ita</span> <span class='ocrx_word' id='word_1_131' title='bbox 914 1842 942 1891; x_wconf 90' lang='lat' dir='ltr'>et</span> <span class='ocrx_word' id='word_1_132' title='bbox 960 1833 1108 1891; x_wconf 89' lang='lat' dir='ltr'>Graeciam</span> <span class='ocrx_word' id='word_1_133' title='bbox 1129 1848 1145 1890; x_wconf 88' lang='lat' dir='ltr'>a</span> 
     </span>
    </p>

    <p class='ocr_par' dir='ltr' id='par_1_10' title="bbox 127 1913 1145 2160">
     <span class='ocr_line' id='line_1_18' title="bbox 127 1913 1144 1996; baseline -0.008 -17"><span class='ocrx_word' id='word_1_134' title='bbox 127 1913 267 1979; x_wconf 80' lang='lat' dir='ltr'>lNabide</span> <span class='ocrx_word' id='word_1_135' title='bbox 284 1915 399 1975; x_wconf 90' lang='lat' dir='ltr'>liberet.</span> <span class='ocrx_word' id='word_1_136' title='bbox 433 1913 477 1973; x_wconf 90' lang='lat' dir='ltr'>Ob</span> <span class='ocrx_word' id='word_1_137' title='bbox 498 1934 581 1994; x_wconf 84' lang='lat' dir='ltr'>quam</span> <span class='ocrx_word' id='word_1_138' title='bbox 598 1934 713 1976; x_wconf 89' lang='lat' dir='ltr'>causam</span> <span class='ocrx_word' id='word_1_139' title='bbox 732 1918 880 1996; x_wconf 87' lang='lat' dir='ltr'>imperium</span> <span class='ocrx_word' id='word_1_140' title='bbox 902 1917 928 1973; x_wconf 94' lang='lat' dir='ltr'>ei</span> <span class='ocrx_word' id='word_1_141' title='bbox 947 1924 1144 1995; x_wconf 83' lang='lat' dir='ltr'>prorogatum.</span> 
     </span>
     <span class='ocr_line' id='line_1_19' title="bbox 157 1998 1145 2078; baseline -0.003 -19"><span class='ocrx_word' id='word_1_142' title='bbox 157 1999 300 2059; x_wconf 87' lang='lat' dir='ltr'>Terribile</span> <span class='ocrx_word' id='word_1_143' title='bbox 316 2002 422 2078; x_wconf 81' lang='lat' dir='ltr'>quippe</span> <span class='ocrx_word' id='word_1_144' title='bbox 439 1999 575 2060; x_wconf 83' lang='lat' dir='ltr'>Antiochi</span> <span class='ocrx_word' id='word_1_145' title='bbox 593 1999 702 2059; x_wconf 89' lang='lat' dir='ltr'>bellurn</span> <span class='ocrx_word' id='word_1_146' title='bbox 717 2000 867 2059; x_wconf 88' lang='lat' dir='ltr'>Annibalis</span> <span class='ocrx_word' id='word_1_147' title='bbox 885 2016 990 2058; x_wconf 90' lang='lat' dir='ltr'>nomen</span> <span class='ocrx_word' id='word_1_148' title='bbox 1007 1998 1145 2072; x_wconf 87' lang='lat' dir='ltr'>iaciebat,</span> 
     </span>
     <span class='ocr_line' id='line_1_20' title="bbox 157 2083 1145 2160; baseline -0.002 -20"><span class='ocrx_word' id='word_1_149' title='bbox 157 2100 241 2160; x_wconf 85' lang='lat' dir='ltr'>quem</span> <span class='ocrx_word' id='word_1_150' title='bbox 256 2083 360 2142; x_wconf 90' lang='lat' dir='ltr'>aemuli</span> <span class='ocrx_word' id='word_1_151' title='bbox 376 2085 437 2140; x_wconf 90' lang='lat' dir='ltr'>eius</span> <span class='ocrx_word' id='word_1_152' title='bbox 456 2084 578 2142; x_wconf 90' lang='lat' dir='ltr'>occultis</span> <span class='ocrx_word' id='word_1_153' title='bbox 594 2084 734 2143; x_wconf 90' lang='lat' dir='ltr'>mandatis</span> <span class='ocrx_word' id='word_1_154' title='bbox 750 2102 813 2142; x_wconf 90' lang='lat' dir='ltr'>cum</span> <span class='ocrx_word' id='word_1_155' title='bbox 832 2083 976 2142; x_wconf 89' lang='lat' dir='ltr'>Antiocho</span> <span class='ocrx_word' id='word_1_156' title='bbox 992 2084 1079 2140; x_wconf 89' lang='lat' dir='ltr'>inisse</span> <span class='ocrx_word' id='word_1_157' title='bbox 1098 2098 1145 2138; x_wconf 93' lang='lat' dir='ltr'>so·</span> 
     </span>
    </p>

    <p class='ocr_par' dir='ltr' id='par_1_11' title="bbox 127 2164 1153 2410">
     <span class='ocr_line' id='line_1_21' title="bbox 127 2164 1153 2243; baseline -0.005 -15"><span class='ocrx_word' id='word_1_158' title='bbox 127 2166 292 2228; x_wconf 74' lang='lat' dir='ltr'>Scietatem</span> <span class='ocrx_word' id='word_1_159' title='bbox 308 2165 383 2243; x_wconf 87' lang='lat' dir='ltr'>apud</span> <span class='ocrx_word' id='word_1_160' title='bbox 397 2164 544 2226; x_wconf 87' lang='lat' dir='ltr'>Romanos</span> <span class='ocrx_word' id='word_1_161' title='bbox 557 2166 794 2241; x_wconf 80' lang='lat' dir='ltr'>criminabantur,</span> <span class='ocrx_word' id='word_1_162' title='bbox 810 2175 952 2243; x_wconf 83' lang='lat' dir='ltr'>negantes</span> <span class='ocrx_word' id='word_1_163' title='bbox 969 2184 1033 2224; x_wconf 89' lang='lat' dir='ltr'>eum</span> <span class='ocrx_word' id='word_1_164' title='bbox 1048 2181 1153 2240; x_wconf 80' lang='lat' dir='ltr'>aequo.</span> 
     </span>
     <span class='ocr_line' id='line_1_22' title="bbox 156 2248 1148 2327; baseline -0.003 -20"><span class='ocrx_word' id='word_1_165' title='bbox 156 2249 249 2308; x_wconf 92' lang='lat' dir='ltr'>animo</span> <span class='ocrx_word' id='word_1_166' title='bbox 269 2248 322 2307; x_wconf 90' lang='lat' dir='ltr'>sub</span> <span class='ocrx_word' id='word_1_167' title='bbox 345 2249 459 2324; x_wconf 81' lang='lat' dir='ltr'>legibus</span> <span class='ocrx_word' id='word_1_168' title='bbox 479 2250 578 2308; x_wconf 88' lang='lat' dir='ltr'>vivere</span> <span class='ocrx_word' id='word_1_169' title='bbox 600 2249 748 2309; x_wconf 89' lang='lat' dir='ltr'>adsuetum</span> <span class='ocrx_word' id='word_1_170' title='bbox 773 2251 894 2327; x_wconf 91' lang='lat' dir='ltr'>imperio</span> <span class='ocrx_word' id='word_1_171' title='bbox 918 2259 947 2309; x_wconf 91' lang='lat' dir='ltr'>et</span> <span class='ocrx_word' id='word_1_172' title='bbox 966 2249 1148 2307; x_wconf 89' lang='lat' dir='ltr'>inmoderata</span> 
     </span>
     <span class='ocr_line' id='line_1_23' title="bbox 156 2330 1146 2410; baseline 0.001 -23"><span class='ocrx_word' id='word_1_173' title='bbox 156 2330 272 2390; x_wconf 90' lang='lat' dir='ltr'>licentia</span> <span class='ocrx_word' id='word_1_174' title='bbox 284 2331 398 2390; x_wconf 88' lang='lat' dir='ltr'>militari</span> <span class='ocrx_word' id='word_1_175' title='bbox 410 2350 585 2410; x_wconf 87' lang='lat' dir='ltr'>semperque</span> <span class='ocrx_word' id='word_1_176' title='bbox 597 2332 693 2391; x_wconf 90' lang='lat' dir='ltr'>taedio</span> <span class='ocrx_word' id='word_1_177' title='bbox 711 2333 815 2408; x_wconf 90' lang='lat' dir='ltr'>quietis</span> <span class='ocrx_word' id='word_1_178' title='bbox 826 2332 952 2392; x_wconf 91' lang='lat' dir='ltr'>urbanae</span> <span class='ocrx_word' id='word_1_179' title='bbox 967 2349 1058 2391; x_wconf 89' lang='lat' dir='ltr'>novas</span> <span class='ocrx_word' id='word_1_180' title='bbox 1067 2330 1146 2388; x_wconf 91' lang='lat' dir='ltr'>belli</span> 
     </span>
    </p>

    <p class='ocr_par' dir='ltr' id='par_1_12' title="bbox 129 2413 1146 2576">
     <span class='ocr_line' id='line_1_24' title="bbox 129 2413 1146 2492; baseline -0.006 -15"><span class='ocrx_word' id='word_1_181' title='bbox 129 2423 262 2477; x_wconf 79' lang='lat' dir='ltr'>scarras</span> <span class='ocrx_word' id='word_1_182' title='bbox 275 2416 508 2492; x_wconf 90' lang='lat' dir='ltr'>circumspicere.</span> <span class='ocrx_word' id='word_1_183' title='bbox 537 2415 618 2488; x_wconf 82' lang='lat' dir='ltr'>Quae</span> <span class='ocrx_word' id='word_1_184' title='bbox 632 2417 687 2474; x_wconf 87' lang='lat' dir='ltr'>etsi</span> <span class='ocrx_word' id='word_1_185' title='bbox 700 2415 772 2474; x_wconf 89' lang='lat' dir='ltr'>ialsa</span> <span class='ocrx_word' id='word_1_186' title='bbox 784 2417 909 2475; x_wconf 90' lang='lat' dir='ltr'>nuntiata</span> <span class='ocrx_word' id='word_1_187' title='bbox 923 2416 1055 2489; x_wconf 86' lang='lat' dir='ltr'>luissent,</span> <span class='ocrx_word' id='word_1_188' title='bbox 1069 2413 1146 2491; x_wconf 94' lang='lat' dir='ltr'>apud</span> 
     </span>
     <span class='ocr_line' id='line_1_25' title="bbox 155 2496 773 2576; baseline 0.003 -23"><span class='ocrx_word' id='word_1_189' title='bbox 155 2496 289 2556; x_wconf 88' lang='lat' dir='ltr'>timentes</span> <span class='ocrx_word' id='word_1_190' title='bbox 305 2506 400 2555; x_wconf 91' lang='lat' dir='ltr'>tamen</span> <span class='ocrx_word' id='word_1_191' title='bbox 418 2515 472 2576; x_wconf 93' lang='lat' dir='ltr'>pro</span> <span class='ocrx_word' id='word_1_192' title='bbox 490 2500 567 2557; x_wconf 92' lang='lat' dir='ltr'>veris</span> <span class='ocrx_word' id='word_1_193' title='bbox 583 2498 773 2558; x_wconf 90' lang='lat' dir='ltr'>habebantur.</span> 
     </span>
    </p>

    <p class='ocr_par' dir='ltr' id='par_1_13' title="bbox 129 2578 1150 2907">
     <span class='ocr_line' id='line_1_26' title="bbox 129 2578 1146 2659; baseline -0.005 -17"><span class='ocrx_word' id='word_1_194' title='bbox 129 2591 144 2642; x_wconf 96' lang='lat'>1</span> <span class='ocrx_word' id='word_1_195' title='bbox 220 2578 249 2636; x_wconf 86' lang='lat'>2.</span> <span class='ocrx_word' id='word_1_196' title='bbox 274 2578 407 2656; x_wconf 84' lang='lat' dir='ltr'>Denique</span> <span class='ocrx_word' id='word_1_197' title='bbox 419 2590 535 2640; x_wconf 89' lang='lat' dir='ltr'>senatus</span> <span class='ocrx_word' id='word_1_198' title='bbox 547 2591 623 2640; x_wconf 92' lang='lat' dir='ltr'>metu</span> <span class='ocrx_word' id='word_1_199' title='bbox 637 2580 790 2659; x_wconf 90' lang='lat' dir='ltr'>perculsus</span> <span class='ocrx_word' id='word_1_200' title='bbox 805 2581 840 2640; x_wconf 91' lang='lat' dir='ltr'>ad</span> <span class='ocrx_word' id='word_1_201' title='bbox 852 2578 1047 2657; x_wconf 90' lang='lat' dir='ltr'>speculandos</span> <span class='ocrx_word' id='word_1_202' title='bbox 1063 2589 1146 2638; x_wconf 90' lang='lat' dir='ltr'>actus</span> 
     </span>
     <span class='ocr_line' id='line_1_27' title="bbox 156 2661 1146 2738; baseline 0 -18"><span class='ocrx_word' id='word_1_203' title='bbox 156 2662 305 2722; x_wconf 89' lang='lat' dir='ltr'>Annibalis</span> <span class='ocrx_word' id='word_1_204' title='bbox 336 2662 463 2738; x_wconf 86' lang='lat' dir='ltr'>legatum</span> <span class='ocrx_word' id='word_1_205' title='bbox 488 2666 517 2722; x_wconf 93' lang='lat' dir='ltr'>in</span> <span class='ocrx_word' id='word_1_206' title='bbox 537 2664 667 2723; x_wconf 81' lang='lat' dir='ltr'>Africam</span> <span class='ocrx_word' id='word_1_207' title='bbox 690 2661 743 2722; x_wconf 84' lang='lat' dir='ltr'>Gn.</span> <span class='ocrx_word' id='word_1_208' title='bbox 762 2664 914 2723; x_wconf 85' lang='lat' dir='ltr'>Servilium</span> <span class='ocrx_word' id='word_1_209' title='bbox 942 2664 1027 2721; x_wconf 91' lang='lat' dir='ltr'>mittit</span> <span class='ocrx_word' id='word_1_210' title='bbox 1058 2662 1146 2738; x_wconf 89' lang='lat' dir='ltr'>eique</span> 
     </span>
     <span class='ocr_line' id='line_1_28' title="bbox 156 2745 1145 2825; baseline -0.002 -21"><span class='ocrx_word' id='word_1_211' title='bbox 156 2748 250 2804; x_wconf 91' lang='lat' dir='ltr'>tacitis</span> <span class='ocrx_word' id='word_1_212' title='bbox 271 2746 410 2805; x_wconf 90' lang='lat' dir='ltr'>mandatis</span> <span class='ocrx_word' id='word_1_213' title='bbox 434 2749 595 2825; x_wconf 89' lang='lat' dir='ltr'>praecipit,</span> <span class='ocrx_word' id='word_1_214' title='bbox 623 2757 653 2806; x_wconf 88' lang='lat' dir='ltr'>ut</span> <span class='ocrx_word' id='word_1_215' title='bbox 675 2749 699 2805; x_wconf 92' lang='lat' dir='ltr'>si</span> <span class='ocrx_word' id='word_1_216' title='bbox 721 2756 823 2824; x_wconf 90' lang='lat' dir='ltr'>posset</span> <span class='ocrx_word' id='word_1_217' title='bbox 851 2766 914 2806; x_wconf 91' lang='lat' dir='ltr'>eum</span> <span class='ocrx_word' id='word_1_218' title='bbox 936 2764 991 2824; x_wconf 92' lang='lat' dir='ltr'>per</span> <span class='ocrx_word' id='word_1_219' title='bbox 1014 2745 1145 2805; x_wconf 90' lang='lat' dir='ltr'>aemulos</span> 
     </span>
     <span class='ocr_line' id='line_1_29' title="bbox 157 2827 1150 2907; baseline -0.004 -19"><span class='ocrx_word' id='word_1_220' title='bbox 157 2830 218 2888; x_wconf 87' lang='lat' dir='ltr'>eius</span> <span class='ocrx_word' id='word_1_221' title='bbox 230 2829 406 2887; x_wconf 89' lang='lat' dir='ltr'>interliceret</span> <span class='ocrx_word' id='word_1_222' title='bbox 418 2839 554 2907; x_wconf 88' lang='lat' dir='ltr'>metuque</span> <span class='ocrx_word' id='word_1_223' title='bbox 569 2831 654 2889; x_wconf 89' lang='lat' dir='ltr'>invisi</span> <span class='ocrx_word' id='word_1_224' title='bbox 669 2832 790 2889; x_wconf 90' lang='lat' dir='ltr'>nominis</span> <span class='ocrx_word' id='word_1_225' title='bbox 806 2831 920 2889; x_wconf 89' lang='lat' dir='ltr'>tandem</span> <span class='ocrx_word' id='word_1_226' title='bbox 936 2829 1073 2906; x_wconf 91' lang='lat' dir='ltr'>populum</span> <span class='ocrx_word' id='word_1_227' title='bbox 1084 2827 1150 2885; x_wconf 81' lang='lat' dir='ltr'>llo·&#39;</span> 
     </span>
    </p>

    <p class='ocr_par' dir='ltr' id='par_1_14' title="bbox 127 2911 1146 3074">
     <span class='ocr_line' id='line_1_30' title="bbox 127 2911 1146 2986; baseline -0.005 -13"><span class='ocrx_word' id='word_1_228' title='bbox 127 2921 267 2973; x_wconf 61' lang='lat' dir='ltr'>Amanum</span> <span class='ocrx_word' id='word_1_229' title='bbox 283 2912 430 2986; x_wconf 88' lang='lat' dir='ltr'>liberaret.</span> <span class='ocrx_word' id='word_1_230' title='bbox 463 2913 522 2972; x_wconf 85' lang='lat' dir='ltr'>Sed</span> <span class='ocrx_word' id='word_1_231' title='bbox 545 2931 593 2972; x_wconf 86' lang='lat' dir='ltr'>res</span> <span class='ocrx_word' id='word_1_232' title='bbox 616 2913 788 2972; x_wconf 90' lang='lat' dir='ltr'>Annibalem</span> <span class='ocrx_word' id='word_1_233' title='bbox 805 2930 862 2972; x_wconf 91' lang='lat' dir='ltr'>nou</span> <span class='ocrx_word' id='word_1_234' title='bbox 878 2914 925 2973; x_wconf 91' lang='lat' dir='ltr'>din</span> <span class='ocrx_word' id='word_1_235' title='bbox 941 2912 1039 2986; x_wconf 90' lang='lat' dir='ltr'>latuit,</span> <span class='ocrx_word' id='word_1_236' title='bbox 1053 2911 1146 2968; x_wconf 87' lang='lat' dir='ltr'>virum</span> 
     </span>
     <span class='ocr_line' id='line_1_31' title="bbox 157 2993 1146 3074; baseline -0.003 -22"><span class='ocrx_word' id='word_1_237' title='bbox 157 2994 192 3053; x_wconf 90' lang='lat' dir='ltr'>ad</span> <span class='ocrx_word' id='word_1_238' title='bbox 207 2995 412 3073; x_wconf 89' lang='lat' dir='ltr'>prospicienda</span> <span class='ocrx_word' id='word_1_239' title='bbox 431 2997 618 3074; x_wconf 87' lang='lat' dir='ltr'>cavendaque</span> <span class='ocrx_word' id='word_1_240' title='bbox 641 2997 771 3073; x_wconf 91' lang='lat' dir='ltr'>pericula</span> <span class='ocrx_word' id='word_1_241' title='bbox 794 3006 923 3072; x_wconf 91' lang='lat' dir='ltr'>paratum</span> <span class='ocrx_word' id='word_1_242' title='bbox 938 3013 994 3054; x_wconf 93' lang='lat' dir='ltr'>nec</span> <span class='ocrx_word' id='word_1_243' title='bbox 1008 2995 1099 3052; x_wconf 92' lang='lat' dir='ltr'>minus</span> <span class='ocrx_word' id='word_1_244' title='bbox 1117 2993 1146 3049; x_wconf 88' lang='lat' dir='ltr'>in</span> 
     </span>
    </p>

    <p class='ocr_par' dir='ltr' id='par_1_15' title="bbox 128 3074 1195 3406">
     <span class='ocr_line' id='line_1_32' title="bbox 128 3074 1146 3156; baseline -0.01 -14"><span class='ocrx_word' id='word_1_245' title='bbox 128 3078 291 3142; x_wconf 84' lang='lat' dir='ltr'>3seoundis</span> <span class='ocrx_word' id='word_1_246' title='bbox 309 3079 430 3138; x_wconf 88' lang='lat' dir='ltr'>adversa</span> <span class='ocrx_word' id='word_1_247' title='bbox 447 3075 529 3156; x_wconf 74' lang='lat' dir='ltr'>quam</span> <span class='ocrx_word' id='word_1_248' title='bbox 546 3081 573 3138; x_wconf 93' lang='lat' dir='ltr'>in</span> <span class='ocrx_word' id='word_1_249' title='bbox 588 3079 720 3139; x_wconf 90' lang='lat' dir='ltr'>adversis</span> <span class='ocrx_word' id='word_1_250' title='bbox 735 3080 864 3138; x_wconf 89' lang='lat' dir='ltr'>secunda</span> <span class='ocrx_word' id='word_1_251' title='bbox 881 3080 1064 3155; x_wconf 83' lang='lat' dir='ltr'>cogitantem.</span> <span class='ocrx_word' id='word_1_252' title='bbox 1087 3074 1146 3150; x_wconf 84' lang='lat' dir='ltr'>lgi-</span> 
     </span>
     <span class='ocr_line' id='line_1_33' title="bbox 156 3159 1146 3239; baseline -0.003 -21"><span class='ocrx_word' id='word_1_253' title='bbox 156 3169 202 3218; x_wconf 87' lang='lat' dir='ltr'>tur</span> <span class='ocrx_word' id='word_1_254' title='bbox 226 3171 371 3232; x_wconf 90' lang='lat' dir='ltr'>cumtoto</span> <span class='ocrx_word' id='word_1_255' title='bbox 394 3162 446 3220; x_wconf 82' lang='lat' dir='ltr'>die&#39;</span> <span class='ocrx_word' id='word_1_256' title='bbox 465 3165 493 3220; x_wconf 92' lang='lat' dir='ltr'>in</span> <span class='ocrx_word' id='word_1_257' title='bbox 514 3162 608 3222; x_wconf 89' lang='lat' dir='ltr'>oculis</span> <span class='ocrx_word' id='word_1_258' title='bbox 630 3163 791 3239; x_wconf 91' lang='lat' dir='ltr'>principum</span> <span class='ocrx_word' id='word_1_259' title='bbox 812 3163 959 3239; x_wconf 80' lang='lat' dir='ltr'>legatique</span> <span class='ocrx_word' id='word_1_260' title='bbox 982 3161 1100 3218; x_wconf 85' lang='lat' dir='ltr'>Romani</span> <span class='ocrx_word' id='word_1_261' title='bbox 1118 3159 1146 3215; x_wconf 91' lang='lat' dir='ltr'>in</span> 
     </span>
     <span class='ocr_line' id='line_1_34' title="bbox 155 3240 1195 3322; baseline -0.003 -21"><span class='ocrx_word' id='word_1_262' title='bbox 155 3243 221 3303; x_wconf 82' lang='lat' dir='ltr'>loro</span> <span class='ocrx_word' id='word_1_263' title='bbox 237 3241 514 3321; x_wconf 82' lang='lat' dir='ltr'>Carthaginiensium</span> <span class='ocrx_word' id='word_1_264' title='bbox 531 3246 705 3313; x_wconf 85' lang='lat' dir='ltr'>obversatus</span> <span class='ocrx_word' id='word_1_265' title='bbox 722 3247 750 3303; x_wconf 94' lang='lat' dir='ltr'>in</span> <span class='ocrx_word' id='word_1_266' title='bbox 771 3262 935 3322; x_wconf 88' lang='lat' dir='ltr'>supremum</span> <span class='ocrx_word' id='word_1_267' title='bbox 956 3244 1074 3316; x_wconf 88' lang='lat' dir='ltr'>luisset,</span> <span class='ocrx_word' id='word_1_268' title='bbox 1096 3240 1145 3299; x_wconf 94' lang='lat' dir='ltr'>ad·</span> <span class='ocrx_word' id='word_1_269' title='bbox 1191 3261 1195 3267; x_wconf 95' lang='lat'><em>·</em></span> 
     </span>
     <span class='ocr_line' id='line_1_35' title="bbox 156 3322 1146 3406; baseline -0.004 -22"><span class='ocrx_word' id='word_1_270' title='bbox 156 3327 367 3402; x_wconf 88' lang='lat' dir='ltr'>propinquante</span> <span class='ocrx_word' id='word_1_271' title='bbox 392 3345 519 3404; x_wconf 85' lang='lat' dir='ltr'>vespere</span> <span class='ocrx_word' id='word_1_272' title='bbox 546 3322 650 3406; x_wconf 82' lang='lat' dir='ltr'>equum</span> <span class='ocrx_word' id='word_1_273' title='bbox 675 3329 845 3388; x_wconf 90' lang='lat' dir='ltr'>conscendit</span> <span class='ocrx_word' id='word_1_274' title='bbox 870 3338 899 3386; x_wconf 89' lang='lat' dir='ltr'>et</span> <span class='ocrx_word' id='word_1_275' title='bbox 924 3346 973 3385; x_wconf 91' lang='lat' dir='ltr'>rus</span> <span class='ocrx_word' id='word_1_276' title='bbox 994 3324 1146 3396; x_wconf 91' lang='lat' dir='ltr'>urbanum,</span> 
     </span>
    </p>

    <p class='ocr_par' dir='ltr' id='par_1_16' title="bbox 54 3408 1147 3485">
     <span class='ocr_line' id='line_1_36' title="bbox 54 3408 1147 3485; baseline -0.002 -21"><span class='ocrx_word' id='word_1_277' title='bbox 54 3414 61 3427; x_wconf 85' lang='lat'>&#39;</span> <span class='ocrx_word' id='word_1_278' title='bbox 155 3408 233 3481; x_wconf 84' lang='lat' dir='ltr'>quod</span> <span class='ocrx_word' id='word_1_279' title='bbox 257 3419 378 3485; x_wconf 90' lang='lat' dir='ltr'>propter</span> <span class='ocrx_word' id='word_1_280' title='bbox 399 3410 466 3469; x_wconf 87' lang='lat' dir='ltr'>litus</span> <span class='ocrx_word' id='word_1_281' title='bbox 486 3412 572 3472; x_wconf 89' lang='lat' dir='ltr'>maris</span> <span class='ocrx_word' id='word_1_282' title='bbox 592 3409 734 3485; x_wconf 90' lang='lat' dir='ltr'>habebat,</span> <span class='ocrx_word' id='word_1_283' title='bbox 757 3412 865 3485; x_wconf 85' lang='lat' dir='ltr'>ignaris</span> <span class='ocrx_word' id='word_1_284' title='bbox 890 3410 984 3468; x_wconf 86' lang='lat' dir='ltr'>servis</span> <span class='ocrx_word' id='word_1_285' title='bbox 1000 3409 1147 3482; x_wconf 87' lang='lat' dir='ltr'>iussisque</span> 
     </span>
    </p>

    <p class='ocr_par' dir='ltr' id='par_1_17' title="bbox 128 3486 1147 3570">
     <span class='ocr_line' id='line_1_37' title="bbox 128 3486 1147 3570; baseline 0.002 -26"><span class='ocrx_word' id='word_1_286' title='bbox 128 3488 191 3544; x_wconf 86' lang='lat' dir='ltr'>4ad</span> <span class='ocrx_word' id='word_1_287' title='bbox 213 3496 324 3562; x_wconf 88' lang='lat' dir='ltr'>portam</span> <span class='ocrx_word' id='word_1_288' title='bbox 352 3486 556 3550; x_wconf 88' lang='lat' dir='ltr'>revertentem</span> <span class='ocrx_word' id='word_1_289' title='bbox 574 3493 720 3570; x_wconf 92' lang='lat' dir='ltr'>opperiri,</span> <span class='ocrx_word' id='word_1_290' title='bbox 747 3492 905 3551; x_wconf 89' lang='lat' dir='ltr'>contendit.</span> <span class='ocrx_word' id='word_1_291' title='bbox 949 3489 1081 3550; x_wconf 75' lang='lat' dir='ltr'>hahebat</span> <span class='ocrx_word' id='word_1_292' title='bbox 1105 3488 1147 3547; x_wconf 91' lang='lat' dir='ltr'>ibi</span> 
     </span>
    </p>
   </div>
   <div class='ocr_carea' id='block_1_4' title="bbox 0 0 1227 3975">
    <p class='ocr_par' dir='ltr' id='par_1_18' title="bbox 0 0 1227 3975">
     <span class='ocr_line' id='line_1_38' title="bbox 0 0 1227 3975; baseline 0 0"><span class='ocrx_word' id='word_1_293' title='bbox 0 0 1227 3975; x_wconf 95' lang='lat' dir='ltr'> </span> 
     </span>
    </p>
   </div>
  </div>
 </body>
</html>
