2442 3975
97 225 234 280 1xa.x1
434 233 526 283 nter.
543 231 740 283 ementem.
993 284 998 293 ,
1052 219 1095 282 cc

98 385 234 465 adloquio
257 385 306 463 qni
334 383 418 461 plura
440 384 621 460 promitteret
652 400 736 460 qnam
764 391 941 461 praestaret;
969 384 997 442 in
1018 384 1096 445 seria

98 479 129 529 et
143 472 225 528 iocos
242 467 356 528 artifex.
389 464 540 525 Amicitias
555 467 693 542 utilitate,
714 482 772 525 non
786 464 843 525 bde
858 466 985 526 colebat.
1024 466 1123 530 Gra-9

98 553 165 612 tiam
180 552 291 628 fingere
307 552 335 608 in
349 549 429 623 odio,
447 549 589 608 instruere
605 551 679 609 inter
695 547 908 608 concordantes
924 548 1001 623 odia,
1019 548 1095 626 apud

98 645 252 716 utrumque
264 632 386 708 gratiam
403 648 546 709 quaerere
563 632 713 692 sollemnis
734 631 776 691 illi
793 630 982 690 consuetudo
1017 629 1136 693 Interlc

1 785 8 797 ,
98 718 173 777 haec
196 715 363 792 eloquentia
390 723 419 773 et
442 714 561 790 insignis
589 716 699 788 oratio,
726 715 864 774 acuminis
891 722 921 772 et
945 712 1095 773 sollertiae

98 800 203 877 plena,
236 806 267 856 ut
292 815 347 855 nec
373 797 485 855 ornatui
510 798 635 857 facilitas
663 815 719 856 nec
744 790 874 856 ia'cilitati
901 797 1094 855 inventionum

97 882 218 942 deesset
240 889 366 939 ornatus.
402 879 477 938 Huic
492 879 661 940 Alexander
680 879 755 938 illius
779 880 923 938 successit
945 887 977 938 et
990 879 1136 941 virtutell

98 974 128 1023 et
144 965 221 1023 uitiis
240 971 322 1040 patre
338 963 437 1022 maior.
464 960 566 1039 ltaque
585 962 721 1021 vincendi
740 963 815 1021 ratio
837 962 953 1039 utrique
967 961 1092 1021 div'ersa.
1104 970 1138 1023 ln

98 1046 152 1104 llic
179 1054 280 1123 aperta
305 1047 350 1118 vi,
378 1044 427 1104 ille
453 1044 562 1105 artibus
588 1044 667 1103 bella
687 1043 838 1104 tractabat.
877 1043 1018 1122 Deceptis
1044 1043 1095 1103 ille

98 1128 228 1205 gaudere
243 1126 391 1199 hostibus,
416 1126 463 1185 hic
477 1126 572 1204 palam
588 1127 671 1186 tusis.
706 1127 879 1207 Prudentior,
892 1126 942 1186 ille
960 1126 1094 1201 consilio,
1105 1136 1138 1189 la

97 1212 145 1272 hic
167 1212 261 1270 animo
278 1210 520 1285 magnificentior.
551 1208 627 1270 Iram
649 1218 734 1286 pater
755 1208 946 1283 dissimulare,
969 1209 1138 1287 plerum-14

99 1312 156 1372 que
169 1294 253 1353 etiam
271 1293 405 1351 vincere:
435 1291 483 1351 hic
509 1291 558 1351 nbi
579 1292 757 1367 exarsisset,
780 1309 836 1352 nec
855 1293 955 1352 dilatio
978 1291 1094 1367 ultionis

99 1394 154 1436 nec
169 1376 270 1435 modus
287 1384 359 1434 erat.
394 1374 459 1433 Vini
482 1375 564 1434 nimis
581 1375 833 1452 uterqueavidus:
862 1376 915 1435 sed
944 1374 1093 1434 ebrietatis
1104 1386 1137 1438 15
1178 1425 1181 1433 ,

99 1459 214 1519 diversa
231 1458 308 1516 vitia.
341 1456 496 1516 Patrimon
512 1466 574 1517 erat
598 1459 685 1518 etiam
709 1459 746 1517 de
773 1459 907 1518 convivio
929 1458 957 1515 in
981 1457 1093 1516 hostem

47 1563 51 1569 ⁴
100 1558 292 1619 procurrere,
313 1556 425 1599 manum
440 1557 617 1615 conserere,
640 1540 780 1618 periculis
795 1558 829 1600 se
845 1548 956 1599 temere
972 1539 1094 1598 offerre:

99 1623 268 1682 Alexander
287 1639 345 1681 non
371 1623 400 1681 in
425 1623 557 1697 hostem,
586 1622 639 1683 sed
662 1625 690 1681 in
712 1639 782 1685 atros
808 1621 967 1683 saeviebat.
1004 1620 1094 1694 Quam
1104 1630 1138 1684 16

99 1705 138 1766 ob
155 1722 215 1764 rem
231 1723 321 1783 saepe
337 1705 501 1784 Philippum
525 1705 706 1780 vulneratum
730 1704 842 1784 proelia
863 1705 1020 1764 remisere:
1048 1703 1095 1762 hic

100 1790 256 1852 amicorum
271 1788 440 1848 interfector
457 1788 590 1848 convicio
607 1790 777 1866 frequenter
792 1789 929 1848 excessit.
960 1786 1095 1863 Regnare
1104 1793 1137 1849 17

99 1871 151 1930 illc
178 1890 241 1931 cum
268 1871 365 1930 amicis
391 1870 525 1946 nolebat,
549 1870 596 1929 hic
621 1873 649 1930 in
674 1872 782 1930 amicos
808 1888 898 1948 regna
925 1869 1094 1928 exercebat.

100 1953 197 2014 Amari
213 1963 296 2032 pater
312 1952 414 2029 malle,
436 1953 484 2014 hic
497 1955 594 2015 metui.
629 1953 800 2016 litterarum
820 1952 912 2014 cultus
928 1953 1041 2031 utrique
1056 1950 1093 2010 si·
1104 1962 1139 2015 18

99 2038 184 2097 milis.
219 2037 374 2099 Sollertiae
390 2045 475 2115 pater
489 2039 622 2113 maioris,
637 2037 684 2096 hic
699 2037 777 2097 fidei.
807 2036 913 2096 Verbis
928 2043 1014 2113 atque
1030 2045 1138 2100 ora-19

99 2121 178 2179 tione
194 2121 360 2199 Philippus,
384 2121 431 2184 hic
445 2121 533 2180 rebus
549 2120 735 2180 moderatior.
765 2119 905 2180 Parcendi
926 2119 1011 2178 victis
1035 2117 1139 2181 [illoto

100 2205 210 2263 animus
226 2213 256 2262 ct
271 2205 432 2282 promptior
449 2212 478 2262 et
492 2202 652 2263 honestior.
670 2201 838 2279 Frugalitati
857 2210 951 2280 pater,
964 2200 1095 2261 luxuriae

101 2286 175 2348 lilius
192 2288 284 2363 magis
306 2286 421 2348 deditus
441 2295 513 2345 erat.
547 2285 659 2358 Quibus
677 2286 786 2345 artibus
804 2286 883 2345 orbis
904 2284 1017 2361 imperii
1032 2282 1137 2344 iun-hl

101 2370 232 2429 damenta
248 2380 330 2449 pater
344 2372 423 2445 iecit,
440 2370 538 2446 operis
553 2370 640 2427 totius
653 2369 776 2446 gloriam
791 2368 865 2427 lilius
879 2365 1095 2427 consummavit.

446 2809 653 2884 LIBER
705 2810 752 2882 Χ.

167 3031 194 3089 1.
218 2994 379 3087 Artaxerxi
401 3029 464 3104 regi
483 3028 636 3088 Persarum
658 3046 695 3086 ex
711 3024 872 3105 paelicibus
890 3031 1004 3081 centum
1017 3022 1123 3099 quin-l

103 3114 195 3173 decim
224 3112 275 3170 [ilii
295 3112 396 3186 luere,
429 3111 482 3171 sed
507 3121 567 3171 tres
594 3119 702 3171 tanturn
728 3110 803 3168 iusto
828 3105 1010 3180 matrimonio¹
1035 3122 1097 3163 sus-

104 3197 200 3273 cepti,
222 3194 352 3270 Dareus,
372 3193 523 3254 Ariarates
540 3203 569 3253 et
584 3193 692 3253 Ochus.
723 3190 769 3250 Ex
790 3191 835 3254 his
857 3188 982 3247 Dareum
999 3194 1127 3247 contrat

103 3275 213 3337 rnorcr‘n
234 3277 404 3352 Persarum,
441 3277 516 3356 apud
538 3294 613 3355 qnos
633 3294 687 3334 rex
707 3274 833 3333 nonnisi
849 3280 942 3330 morte
964 3277 1097 3342 mutatur,

103 3379 162 3439 per¹
172 3359 378 3436 indulgentiam
394 3370 476 3438 pater
491 3377 592 3436 regem
608 3359 691 3418 rivus
707 3356 807 3435 iecit,
819 3354 888 3415 nihil
904 3355 958 3413 sibi
974 3352 1128 3414 ablatumd

103 3445 287 3518 existimans,
318 3443 442 3521 quodie
463 3442 551 3501 lilium
582 3440 769 3515 contulisset,
803 3439 1003 3579 sincebriusquc
1029 3451 1098 3513 gau·

144 3544 306 3588 marmus.
665 3541 670 3552 ⁴
