2442 3975
158 225 217 285 116
534 233 643 283 raom
656 235 788 284 POMPEI
986 231 1080 283 xv111
1090 234 1116 285 3.
1131 233 1148 286 'l

156 409 218 450 rum
240 400 399 468 occupant,
419 406 480 449 rem
501 387 647 465 publicam
662 388 807 466 invadunt,
832 390 972 466 coeriugea
988 390 1095 450 ducunt
1108 401 1148 468 et,

124 471 233 550 equod
248 474 303 551 ipsi
318 489 375 531 non
393 481 484 546 erant,
499 471 609 530 liberos
626 481 789 547 procreant.
833 472 913 534 Unus
929 491 967 532 ex
980 482 1023 533 tot
1036 475 1150 534 milibus

156 572 305 615 serrorum
323 555 393 631 luit,
422 557 470 632 qui
492 555 552 612 ruiti
567 554 684 628 ingenio
698 558 776 612 senis
792 555 897 617 domini
914 557 1083 633 parvulique
1100 558 1149 616 biii

157 640 219 697 cius
234 638 348 716 fortuna
359 646 525 697 moreretur
538 637 728 712 dominosque
743 654 801 696 aon
811 639 886 697 truci
900 638 1027 714 lenitate,
1040 642 1092 700 sed
1104 642 1150 716 pia

124 733 140 785 9
155 722 371 781 misericordiae
394 721 567 780 humanitate
585 719 759 795 respiceret.
781 767 784 772 .
802 719 904 798 ltaque
925 738 989 779 cum
1005 722 1085 782 velut
1100 739 1150 781 oc·

42 825 48 832 ·
157 806 235 863 cisoa
247 804 403 863 alienasset
425 804 577 878 servisque
603 800 640 859 de
662 810 737 860 statu
758 803 801 860 rei
815 801 951 880 publicae
965 803 1149 863 deliberanti·

155 886 209 945 bus
224 886 384 963 placuisset
399 902 500 962 regem
518 901 555 942 ex
570 899 698 959 corpore
710 901 763 943 suo
780 887 874 944 creari
892 901 1014 962 eumque
1034 887 1150 965 potissi·

57 970 62 981 '
156 986 230 1027 rnurn
256 970 338 1044 quasi
352 968 590 1045 acceptissimum
617 966 678 1040 dis,
707 968 756 1044 qui
777 968 1028 1027 solem-orientem
1044 969 1151 1045 primus

155 1051 286 1125 vidisset,
307 1069 367 1109 rem
387 1050 423 1109 ad
436 1050 599 1109 Stratonem
621 1048 695 1126 (hoc
716 1051 790 1108 enim
805 1052 832 1109 ei
847 1067 951 1109 nomen
969 1052 1047 1127 crat)
1062 1051 1151 1110 domi·

116 1147 220 1211 lunam
240 1133 356 1193 occulte
373 1133 514 1192 latentem
523 1131 634 1191 detulit.
678 1131 724 1191 Ab
746 1149 782 1191 eo
798 1133 954 1209 formatus,
976 1152 1039 1192 cum
1054 1134 1150 1193 medio

156 1217 249 1274 noctis
273 1233 373 1274 ornnes
401 1217 431 1273 in
457 1232 541 1274 unum
571 1231 702 1292 campum
732 1218 962 1292 processissent,
991 1218 1099 1275 ceteris
1122 1217 1152 1274 in

157 1299 297 1357 orientem
319 1297 517 1374 spectantibus
538 1298 619 1356 solus
634 1297 794 1356 occidentis
808 1299 959 1374 regionem
977 1298 1150 1358 intuebatur.

116 1379 188 1442 llld
203 1382 323 1456 primum
336 1380 409 1439 aliis
424 1380 516 1439 rideri
530 1380 629 1454 iuror,
653 1381 682 1437 in
702 1380 856 1440 occidente
868 1380 940 1441 solis
955 1390 1048 1440 ortum
1064 1398 1151 1458 quae·

115 1472 231 1532 linere.
255 1461 309 1520 Ubi
327 1480 397 1521 vero
413 1463 477 1521 dies
494 1462 651 1521 adventare
665 1464 765 1540 coepit
783 1463 1006 1541 editissimisque
1024 1463 1152 1522 culmini·

155 1544 209 1603 bus
222 1543 303 1603 urbis
319 1548 416 1604 oriens
433 1543 599 1622 splendere,
615 1546 815 1621 spectantibus
825 1546 899 1621 aliis,
912 1555 942 1606 ut
953 1548 1045 1624 ipsum
1058 1546 1153 1605 solem

156 1628 332 1705 aspicerent,
346 1628 393 1687 bic
409 1629 515 1704 primus
528 1626 658 1686 omnibus
668 1628 813 1704 fulgorem
827 1629 900 1688 solis
911 1630 939 1688 in
953 1630 1061 1687 summo
1073 1628 1150 1688 iasti-

114 1710 205 1784 ragio
226 1711 351 1769 civitatis
374 1709 509 1769 ostendit.
539 1709 603 1769 Nou
619 1711 735 1769 seruilis
752 1712 859 1788 ingenii
874 1712 948 1772 ratio
963 1712 1039 1778 visa;
1055 1712 1152 1788 requi·

115 1791 283 1855 rorantibus
304 1801 451 1851 auctorem
473 1792 510 1851 dc
532 1792 648 1851 domino
674 1793 836 1853 confitetur.
875 1794 955 1854 Tun'c
975 1794 1153 1853 intellectum

158 1884 213 1950 cst,
230 1885 362 1952 qnantum
379 1877 503 1951 ingenua
518 1875 674 1934 servilibus
687 1878 802 1951 ingenia
819 1886 1018 1954 praestarent,
1033 1876 1151 1935 malitia·

115 1969 148 2022 15
157 1975 212 2035 que
229 1976 349 2033 servos,
364 1975 422 2018 non
438 1959 577 2037 sapientia
592 1960 730 2018 vincere,
751 1958 842 2037 Igitur
854 1963 938 2021 venia
953 1961 1017 2020 seni
1032 1959 1152 2036 liliaque

156 2043 222 2100 data
245 2051 306 2116 est,
332 2052 361 2101 et
374 2042 455 2101 velut
469 2043 582 2100 nurnine
598 2042 723 2120 quodam
737 2053 906 2103 reservatos
921 2043 1092 2102 arbitrantes
1104 2059 1152 2099 re·

113 2136 221 2201 ldgcrn
241 2126 402 2184 Stratonem
425 2134 606 2184 creaverunt.
652 2125 720 2184 Post
743 2128 823 2185 cuins
841 2136 962 2187 mortem
978 2142 1099 2202 regnum
1113 2124 1153 2184 'ad

114 2216 148 2270 17
156 2208 242 2266 filiurn
258 2226 293 2266 ac
310 2207 414 2266 deinde
430 2207 465 2266 ad
481 2215 606 2283 nepotes
621 2209 743 2268 transiit.
774 2207 905 2269 Celebre
925 2210 982 2270 boc
1002 2224 1152 2268 servorum

156 2290 526 2367 lacinus‘metuendunrquc
549 2290 714 2367 exemplum
744 2299 806 2352 toto
833 2291 905 2351 urbe
928 2301 1068 2351 terrarum
1089 2290 1152 2349 tuit.

112 2383 147 2436 18
153 2371 254 2447 ltaque
270 2372 436 2433 Alexander
448 2388 579 2447 magnus,
592 2390 657 2432 curn
680 2375 833 2433 interiecto
847 2383 981 2451 tempore
997 2374 1025 2431 in
1039 2375 1153 2432 oriente

156 2453 264 2512 bellurn
287 2462 422 2532 gereret,
445 2456 527 2514 velut
546 2456 623 2515 ultor
640 2455 776 2533 publicae
791 2457 965 2529 securitatis,
985 2463 1155 2531 expugnata

156 2552 256 2594 eorum
271 2536 343 2596 urbe
360 2555 480 2615 omnes,
506 2539 554 2613 qui
569 2539 684 2615 proelio
699 2538 913 2616 superfuerant,
930 2536 969 2596 ob
987 2539 1153 2596 memoriam

114 2622 264 2683 levareris
280 2620 378 2680 caedis
394 2620 528 2678 crucibus
539 2621 658 2680 adlisit:
674 2636 767 2696 genus
782 2628 889 2679 tantum
906 2620 1049 2679 Stratonis
1061 2620 1152 2677 invio·

155 2703 242 2762 latum
258 2705 386 2762 servavit
401 2720 580 2779 regnumque
595 2704 678 2780 stirpi
694 2703 756 2761 eius
772 2703 908 2776 restituit,
923 2704 1057 2779 ingenuis
1067 2711 1097 2760 et
1112 2704 1153 2759 in·

155 2788 249 2844 noxiis
264 2785 369 2844 incolis
385 2787 496 2845 insulae
513 2786 719 2861 adtributis,ut
735 2787 896 2863 exstirpato
910 2786 1011 2845 ‘servili
1023 2786 1153 2861 germine

156 2886 247 2944 genus
263 2867 342 2926 urbis
358 2885 395 2926 ex
410 2870 524 2944 integro
541 2869 726 2928 conderetur.

125 2965 136 3012 t
214 2954 244 3011 4.
290 2949 353 3009 Hoc
381 2953 466 3027 igitur
490 2949 676 3025 modo-Tyrii
696 2950 856 3010 Alexandri
882 2953 1019 3028 auspiciis
1046 2949 1154 3009 conditi

36 3084 43 3096 .
128 3035 328 3111 2parsirnonia
354 3044 383 3093 et
406 3034 508 3093 labore
528 3033 686 3110 quaerendi
710 3035 767 3092 cito
785 3034 972 3093 convaluere.
1003 3032 1079 3090 Ante
1093 3031 1153 3090 cla·

156 3117 220 3176 dem
249 3117 424 3176 dominorum
448 3135 510 3176 cunr
534 3125 563 3175 et
583 3114 687 3192 opibus
712 3126 741 3175 et
764 3117 943 3175 multitudine
965 3115 1153 3189 abundarent,

128 3202 241 3263 amissa
254 3201 280 3256 in
289 3199 415 3259 Africam
429 3198 695 3261 iuventuteUticam
706 3200 879 3259 condidere:
897 3217 960 3258 curn
972 3199 1086 3257 interim
1099 3214 1155 3254 rex

148 3280 270 3357 ¹[liutto]
288 3281 365 3355 Tyro
382 3282 499 3341 decedit
515 3281 574 3339 lilio
591 3281 777 3356 Pygmaliona
797 3291 826 3340 et
838 3281 935 3341 Elissa
951 3283 1018 3353 lilia,
1035 3280 1161 3355 insignis·

127 3372 146 3424 4
160 3364 269 3421 formae
286 3367 407 3439 virgine,
424 3364 582 3424 heredibus
597 3366 741 3423 institutis.
759 3365 817 3423 Sed
838 3364 964 3442 populus
975 3362 1155 3439 Pygmalioni

130 3444 306 3503 cadmodnm
327 3462 417 3521 puero
445 3465 564 3523 regnum
588 3446 713 3506 tradidit.
746 3446 854 3505 Elissa
879 3463 996 3523 quoqne
1017 3442 1157 3502 Acerbae
