2442 3975
64 187 154 240 xxix
168 190 246 239 2-4
406 191 499 239 nuso.
515 192 607 239 rme.
624 145 712 238 surm
994 178 1054 240 159

64 350 181 423 litetur,
205 347 316 423 gratius
332 344 497 419 habiturus,
522 346 545 403 si
562 345 590 402 in
607 347 798 421 possessione
814 346 927 423 imperii
946 346 989 405 sui
1006 364 1053 406 so·

65 432 140 490 cium
167 432 262 507 potius
289 446 373 506 quam
399 427 501 486 hostes
526 426 649 485 videret.
693 427 899 486 Huiuscemodi
920 431 1078 496 orationet

65 513 168 590 inpulit
189 512 369 588 Philippum,
397 519 428 569 ut
451 510 567 569 omissis
585 510 701 569 Aetolis
724 511 838 569 >bellum
857 510 993 571 Romanis
1013 514 1053 570 in-

65 596 172 669 ferret,
194 597 286 653 miuus
302 594 413 669 negotii
428 594 656 668 existimantem,
677 593 754 671 quod
769 596 825 653 iam
840 595 935 652 victos
949 605 1002 653 eos
1017 594 1054 653 ab

64 677 210 737 Annibale
222 676 298 755 apud
311 676 508 736 Trasimenum
520 676 615 736 lacurn
626 677 764 736 audierat.
786 676 887 753 ltaque
899 694 935 736 ue
950 675 1053 735 eodem
1064 685 1084 739 8

63 771 198 838 tempore
214 759 311 819 multis
323 759 412 820 bellis
429 761 623 834 detineretur,
643 777 746 838 pacem
763 778 826 818 cum
843 758 958 818 Aetolis
973 760 1054 833 iacit,

64 861 123 903 non
147 844 229 921 quasi
250 842 307 903 alio
330 841 438 902 bellum
459 842 666 917 translaturus,
690 844 743 902 sed
759 852 788 901 ut
806 841 946 902 Graeciae
965 843 1055 921 quieti

27 936 32 942 ’
66 927 267 1000 consulturus,
292 944 376 1004 quam
401 944 556 1004 numquam
575 927 603 984 in
625 927 734 986 maiore
718 926 883 1024 periculo
898 925 990 986 luisse
1006 924 1055 987 ad·

64 1010 213 1084 lirmabat,
235 1009 377 1086 siquidem
396 1008 641 1085 consurgentibus
657 1008 693 1067 ab
710 989 863 1069 occidente
880 1011 963 1069 novis
979 1009 1052 1069 Poe·
1064 1017 1085 1071 9

64 1111 167 1153 noram
189 1110 225 1152 ac
240 1092 458 1151 Romanorum'
450 1093 597 1170 imperiis,
622 1091 727 1171 quibus
741 1110 796 1150 una
812 1091 885 1152 haec
900 1109 915 1150 a
932 1092 1055 1152 Graecia

65 1186 154 1253 atque
176 1176 247 1235 Asia
271 1177 308 1234 sit
327 1193 425 1250 mora,
450 1175 514 1234 dum
535 1175 659 1234 interae
674 1174 754 1235 bello
771 1176 950 1235 discrimen
942 1174 1055 1251 imperii

64 1260 189 1319 iaciunt:
207 1267 337 1320 ceterum
349 1260 444 1318 statim
455 1258 615 1318 vietoribus
628 1259 775 1318 transitum
785 1259 812 1318 iu
825 1260 966 1317 orientem
978 1258 1054 1319 iore.

128 1340 157 1401 3.
185 1340 296 1400 Videre
318 1360 351 1401 se
372 1344 470 1419 itaque
493 1341 532 1400 ait
554 1352 779 1419 consurgentem
799 1342 827 1400 iu
845 1341 927 1401 ltalia
947 1341 1080 1402 nubemt
1106 1381 1111 1388 -

5 1433 21 1454 ⁰
65 1425 145 1483 illam
159 1426 251 1483 trucis
268 1433 297 1483 et
314 1426 425 1485 cruenti
441 1423 525 1493 belli;
541 1426 643 1485 videre
656 1435 802 1485 tonantem
814 1443 848 1485 ac
860 1425 1055 1485 fulminantem
1127 1426 1132 1435 '

66 1508 103 1566 ab
121 1524 230 1566 occasu
252 1508 431 1584 procellam,
457 1525 540 1584 quam
562 1511 590 1567 in
611 1525 809 1587 quascumque
832 1515 973 1566 terrarum
988 1525 1055 1585 par·
1155 1504 1157 1508 ’

66 1599 112 1649 tes
126 1590 268 1648 victoriae
281 1599 440 1667 tempestas
451 1591 597 1665 detulerit,
614 1608 718 1666 magno
731 1593 843 1649 cruoris
856 1590 948 1648 imbre
962 1590 1055 1648 omnia

65 1672 257 1734 foedaturam.
292 1670 474 1750 Frequenter
489 1673 639 1734 Graeciam
662 1676 798 1750 ingentes
820 1683 912 1732 motus
928 1680 1084 1750 passam,2

65 1772 142 1814 nunc
164 1754 333 1830 Persarum,
359 1773 434 1814 nunc
456 1754 618 1831 Gallorum,
644 1775 719 1815 nunc
739 1755 931 1816 Macedonum
951 1756 1054 1816 bellis:

67 1838 120 1898 sed
142 1839 236 1897 omnia
252 1835 307 1896 illa
322 1838 399 1897 levia
414 1839 505 1897 luisse
521 1841 750 1912 existimaturos,
776 1840 800 1897 si
816 1856 868 1915 ea,
891 1857 970 1917 quae
981 1856 1056 1898 nunc

66 1924 95 1992 in
118 1919 200 1980 ltalia
224 1930 378 1981 concurrat
397 1938 513 2000 manus,
539 1932 622 1982 extra
645 1931 751 1981 terram
767 1922 846 1982 illam
861 1941 893 1981 se
910 1922 1054 1984 effuderit.

67 2004 197 2065 Cernere
212 2024 246 2064 se
254 2023 364 2084 ,quam
380 2014 498 2065 cruenta
515 2015 543 2065 et
559 2006 742 2081 sanguinaria
757 2006 832 2065 inter
847 2025 878 2065 se
896 2005 974 2066 bella
986 2006 1085 2069 utri-3

68 2106 124 2166 que
146 2088 247 2165 populi
275 2096 304 2146 et
330 2089 440 2147 viribus
464 2090 613 2167 copiarum
633 2098 663 2149 et
684 2089 787 2148 ducum
813 2089 921 2148 artibus
934 2097 1055 2186 ‘gemant

68 2188 142 2248 quae
160 2170 259 2230 rabies
275 2172 348 2231 liniri
365 2172 431 2230 solo
446 2174 537 2249 partis
554 2172 673 2231 alterius
689 2173 804 2231 interitu
820 2175 882 2231 sine
897 2172 979 2231 ruina
994 2171 1055 2230 tini·

66 2256 199 2314 timorum
220 2272 277 2314 uon
299 2256 402 2331 possit.
448 2254 542 2314 Feros
561 2256 649 2331 igitur
667 2257 808 2314 victorum
829 2273 940 2315 arrrmos
963 2255 1086 2316 minuet

68 2337 183 2415 quidem
198 2337 388 2397 Macedoniae
404 2355 488 2415 quam
499 2337 641 2399 Graeciae
657 2338 818 2414 timendos,
835 2339 901 2416 quia
917 2347 946 2397 et
961 2353 1055 2396 remo·

67 2422 124 2480 tior
146 2429 175 2480 et
194 2422 302 2481 invicta
322 2420 471 2481 robustior
484 2422 538 2481 sit:
561 2424 639 2480 scire
657 2431 798 2481 tamense
816 2439 886 2496 eos,
905 2422 953 2500 qui
968 2421 1085 2483 tantist>

66 2504 178 2563 viribus
202 2513 391 2580 concurrant,
417 2523 474 2565 nou
498 2513 652 2564 contentos
674 2505 731 2564 boc
746 2506 803 2564 line
818 2505 959 2565 victoriae
978 2503 1055 2574 iore,

66 2586 308 2664 metuendumque
322 2588 377 2648 sibi
393 2606 510 2667 quoque
526 2596 673 2648 certarnen
690 2607 805 2663 eorum,
823 2590 870 2665 qui
887 2589 1057 2666 superiores

68 2670 228 2728 extiterint.
249 2669 313 2730 Hoc
328 2678 480 2747 praetextu
497 2672 575 2730 llnlto
592 2690 656 2730 cum
668 2671 783 2731 Aetolis
799 2671 880 2731 bello
896 2671 965 2730 nibil
980 2668 1086 2731 aliud6

68 2768 154 2830 quam
165 2750 327 2810 Poenorum
338 2752 590 2833 Romanorumque
605 2754 685 2814 bella
700 2755 863 2833 respiciens
878 2753 1056 2829 singulorum

10 2861 13 2866 ·
67 2835 148 2893 vires
164 2834 374 2911 perpendebat.
407 2837 466 2896 Sed
482 2855 537 2896 nec
552 2837 690 2911 Romani,
715 2839 829 2897 tametsi
844 2838 935 2896 Poeni
951 2845 981 2894 et
997 2833 1084 2896 Ani

66 2917 145 2977 nibal
166 2919 195 2975 iu
219 2916 383 2977 cervicibus
401 2929 499 2994 erant,
522 2919 608 2981 soluti
620 2930 699 2980 metu
714 2920 905 2981 Macedonico
919 2917 1056 2976 videban-

66 3012 129 3061 tur:
146 3003 255 3079 quippe
268 3000 399 3060 terrebat
412 3019 465 3060 eos
474 3010 506 3061 et
516 3012 602 3062 vetus
611 3002 802 3063 Macedonum
815 3002 922 3062 devicti
937 3000 1056 3060 orientis
1068 3008 1089 3062 8

66 3085 163 3161 gloria
187 3092 216 3143 et
233 3083 383 3163 Pbilippns'
405 3086 499 3146 studio
516 3085 674 3152 Alexandri
692 3088 892 3153 aemulationis
908 3086 1055 3156 incensus,

68 3185 154 3246 quem
170 3176 336 3245 promptum
351 3169 379 3226 io
391 3168 473 3230 bella
488 3169 715 3246 industriumque
730 3177 938 3246 cognoverant.

131 3251 161 3308 4.
181 3248 276 3325 ‘igitar
292 3250 460 3330 Philippus,
483 3269 547 3312 curn
562 3254 666 3312 iterato
682 3253 777 3312 victos
792 3271 809 3311 a
826 3253 934 3312 Poenis
948 3250 1082 3311 Roma-1

66 3349 122 3392 nos
144 3331 311 3407 didicisset,
331 3344 432 3412 aperte
453 3336 566 3394 bostem
583 3353 620 3394 se
636 3336 680 3394 bis
697 3338 849 3412 protessus
864 3352 972 3407 naves,
995 3335 1056 3409 qui·

67 3415 167 3476 bosio
181 3412 291 3475 ltaliam
306 3419 465 3477 exercitum
480 3420 636 3495 traiceret,
658 3419 802 3479 fabricare
819 3419 927 3498 coepit.
962 3416 1087 3492 bega-2
