2442 3975
112 232 153 293 22
482 224 590 289 11011
605 242 737 290 nouem
1036 236 1113 291 1110

83 402 164 463 isit:
188 416 221 458 se
246 413 321 456 vero
339 404 369 455 et
392 404 482 456 matre
505 398 606 473 regina
630 405 725 455 natum
748 407 777 456 et
794 408 903 477 patrem
921 415 978 457 non
994 398 1049 456 uisi
1065 416 1110 457 re-

112 501 179 560 gem
202 481 326 548 vidisse;
350 497 433 539 avum
455 496 571 557 quoque
590 489 747 539 maternum
766 481 871 556 Cyrum
888 500 921 541 se
939 498 1039 557 regem
1061 481 1110 539 ha-

84 566 227 641 acuisse,
251 582 309 624 nou
328 562 482 639 heredem,
505 563 557 622 sed
576 563 757 623 conditorem
776 568 846 624 tanti
867 565 965 642 regni:
989 564 1061 623 etsi
1082 564 1110 622 in

114 666 208 727 aequo
226 651 288 707 iure
308 655 458 724 utrumque
475 648 593 706 fratrem
612 655 696 724 pater
716 648 897 726 reliquisset,
920 657 1049 707 materno
1065 655 1108 705 ta·

85 744 178 798 omen
192 750 224 790 se
236 734 298 791 iure
316 739 344 789 et
363 732 440 790 avito
460 732 587 789 uincere.
613 730 678 789 Hoc
697 740 842 792 certamen
862 730 1001 791 concordi
1017 730 1110 791 auimo

94 872 97 880 .
112 816 149 876 ad
164 823 295 894 patruum
308 831 389 873 suum
401 813 606 892 Artaphernem
623 814 712 873 veluti
731 815 766 875 ad
779 816 969 875 domesticum
987 813 1111 872 iudicem

72 899 261 973 lodeieruut,
283 899 331 976 qui
349 897 425 957 domi
444 898 560 974 cognita
574 915 660 957 causa
672 897 802 958 Xerxem
821 898 1005 978 praeposuit:
1023 895 1110 956 adeo·

114 1001 170 1061 que
188 982 315 1042 iraterua
330 981 477 1040 contentio
489 980 554 1056 luit,
575 990 604 1039 ut
621 999 676 1040 uec
690 983 783 1042 victor
794 981 975 1042 insultaverit
985 998 1040 1039 nec
1053 983 1111 1038 vic·

112 1075 158 1126 tus
180 1064 304 1124 doluerit
321 1066 447 1143 ipsoque
466 1064 525 1122 litis
544 1073 675 1142 tempore
694 1083 812 1125 munera
833 1066 956 1124 invicem
973 1065 1110 1137 miserint,

113 1148 235 1208 iucunda
249 1164 364 1225 quoque
379 1148 453 1206 iuter
465 1166 497 1205 se
510 1165 566 1206 non
582 1148 690 1223 solum,
712 1149 764 1208 sed
783 1148 900 1208 credula
917 1149 1050 1208 convivia
1062 1145 1110 1204 ba-

113 1231 244 1308 bueriut,
264 1229 397 1289 iudicium
416 1248 532 1307 quoque
550 1232 642 1309 ipsum
662 1233 723 1291 sine
741 1231 876 1308 arbitris,
902 1233 965 1291 siue
984 1230 1110 1290 conuitio

71 1329 104 1381 11
112 1315 209 1374 fuerit.
241 1314 334 1373 Tanto
352 1312 530 1372 moderatius
546 1322 603 1372 tum
621 1315 727 1374 iratres
743 1317 817 1375 inter
836 1334 867 1375 se
886 1316 1007 1375 maxima
1020 1328 1111 1388 regna

72 1395 294 1472 Indiuidebaut,
315 1414 398 1474 quam
416 1414 491 1455 nuuc
511 1398 616 1474 exigua
635 1400 806 1475 patrimonia
825 1401 993 1478 partiuntur.
1021 1395 1111 1473 Igitur

114 1480 232 1540 Xerxes
255 1477 363 1540 bellum
388 1497 404 1539 a
428 1489 511 1558 patre
536 1489 671 1559 coeptum
694 1481 834 1542 adversus
858 1482 1008 1543 Graeciam
1031 1479 1110 1556 quiu-

72 1564 266 1642 13quenuium
279 1564 420 1622 iustruxit.
454 1563 538 1638 Quod
550 1562 597 1622 ubi
615 1565 735 1641 primum
747 1564 844 1625 didicit
854 1565 1040 1639 Demaratus,
1057 1579 1111 1620 rex

113 1647 422 1724 Lacedaemoniorum,
448 1648 496 1725 qui
514 1646 589 1726 apud
608 1646 728 1707 Xerxen
747 1648 897 1725 exulabat,
921 1649 1039 1708 amIcior
1061 1662 1110 1723 pa·

114 1732 187 1791 triae
202 1739 269 1809 post
284 1729 381 1807 lugam
395 1748 477 1808 quam
492 1733 557 1807 regi
571 1741 638 1808 post
650 1730 808 1809 beneficia,
821 1751 857 1792 ue
871 1733 1019 1810 inopinato
1032 1727 1110 1788 bello

116 1814 370 1893 opprimerentur,
396 1815 489 1873 omnia
507 1815 535 1872 in
555 1814 671 1874 tabellis
690 1815 797 1892 ligneis
811 1814 1027 1895 magistratibus
1045 1830 1110 1891 per-

74 1908 108 1962 14
117 1896 217 1965 scribit
236 1894 412 1974 easdemque
428 1915 495 1956 cera
514 1898 713 1976 superinducit
731 1899 833 1976 delita,
850 1918 886 1959 ne
903 1908 950 1959 aut
968 1898 1109 1974 scriptura

115 1983 177 2042 siue
196 1981 323 2059 tegmine
345 1979 480 2041 indicium
498 1980 579 2041 daret
601 1992 649 2042 aut
674 2001 779 2043 recens
798 2002 865 2043 cera
888 1981 982 2041 dolum
1003 1976 1109 2058 prode·

114 2075 173 2125 ret:
194 2064 251 2125 lido
265 2063 368 2124 deiude
381 2083 468 2126 servo
481 2066 673 2144 perferendas
685 2066 782 2141 tradit,
804 2067 882 2125 iusso
895 2060 1110 2142 magistratibus

73 2150 323 2227 laspartauorum
342 2148 468 2208 tradere.
504 2149 613 2223 Quibus
633 2151 752 2228 perlatis
772 2148 991 2214 Lacedaemone
1007 2164 1110 2225 quaes·

114 2233 184 2292 tioni
201 2250 249 2291 res
267 2232 312 2291 diu
330 2231 400 2308 fuit,
422 2231 498 2310 quod
513 2250 609 2312 neque
628 2236 767 2312 seriptum
786 2234 892 2313 aliquid
912 2231 1111 2292 videreutnec
1196 2240 1200 2245 ’

115 2315 220 2376 frustra
233 2315 334 2374 missas
349 2317 583 2394 suspicarentur,
603 2325 741 2396 tantoque
759 2338 819 2379 rem
832 2319 1109 2393 maiorem,·quauto

73 2408 106 2462 16
114 2407 193 2457 esset
205 2397 358 2475 occultior,
369 2398 513 2477 putabant.
525 2399 717 2460 Haerentibus
726 2403 754 2460 iu
768 2405 932 2462 coniectura
945 2399 1015 2460 viris
1025 2409 1125 2458 soror·

72 2490 105 2544 17
114 2482 195 2558 regis
205 2480 351 2542 Leonidae
364 2483 516 2543 consilium
529 2484 683 2544 scribentis
695 2486 813 2544 invenit.
840 2484 933 2545 Erasa
944 2487 1031 2561 igitur
1043 2499 1110 2541 cera

72 2564 184 2628 robelli
203 2565 323 2625 consilia
342 2566 524 2644 deteguntur.
557 2566 615 2626 lam
633 2567 749 2627 Xerxes
772 2568 957 2647 septingenta
978 2566 1053 2625 milia
1074 2564 1110 2623 de

72 2659 106 2713 19
113 2666 206 2724 reguo
218 2658 380 2709 armaverat
398 2659 426 2709 et
444 2660 574 2710 trecenta
592 2652 669 2711 milia
681 2651 718 2711 de
730 2651 858 2728 auxiliis,
870 2662 967 2711 utnon
978 2649 1109 2710 inmerito

115 2733 257 2811 proditum
280 2733 331 2809 sit,
355 2733 468 2793 llumina
487 2734 523 2794 ab
545 2736 676 2794 exercitu
694 2736 756 2796 eius
775 2736 883 2795 siccata
902 2734 1109 2809 Graeciamque

71 2824 226 2878 toomnem
246 2818 294 2875 vix
313 2835 421 2894 capere
440 2819 598 2882 exercitum
617 2819 680 2878 eius
698 2820 839 2898 potuisse.
872 2818 970 2878 Nares
993 2832 1109 2894 quoque

71 2908 103 2961 21
113 2899 233 2960 deciens
254 2910 366 2965 eentum
385 2899 491 2959 milium
510 2919 629 2962 numero
649 2901 785 2963 babuisse
798 2902 911 2962 dicitur.
946 2900 1019 2960 Huic
1031 2907 1109 2958 tauto

70 2985 218 3060 anagnini
238 2984 296 3043 dux
311 2984 410 3043 deluit.
440 2982 575 3044 Ceterum
593 2987 618 3044 si
635 3002 737 3062 regem
755 2995 889 3065 spectes,
908 2985 1037 3059 divitias,
1053 2999 1110 3041 nou

113 3065 215 3127 ducem
230 3067 345 3128 laudes:
365 3084 483 3145 quarum
495 3076 571 3128 tauta
585 3070 669 3148 copia
681 3071 708 3127 iu
721 3087 813 3147 regno
827 3071 887 3129 eius
899 3069 967 3146 luit,
987 3077 1031 3143 ut,
1047 3082 1109 3125 cum

111 3148 225 3210 flumina
238 3150 414 3211 multitudiue
428 3161 679 3234 consumerentur,
694 3170 768 3232 opes
787 3162 882 3213 tamen
893 3153 994 3229 regiae
1010 3167 1109 3227 super·

69 3241 220 3296 adessent.
259 3233 328 3313 lpse
352 3243 446 3293 autem
470 3234 578 3312 primus
601 3236 629 3294 in
651 3234 737 3313 luga,
760 3247 925 3316 postremus
949 3236 977 3294 in
996 3231 1109 3311 proelio

112 3333 229 3393 semper
248 3318 327 3376 risus
347 3327 406 3386 est;
424 3318 452 3396 iu
465 3318 603 3395 perieulis
621 3319 748 3388 timidus;
768 3319 862 3380 sicubi
876 3329 969 3379 metus
981 3316 1110 3392 abesset,

69 3397 237 3464 cimbatum
258 3398 383 3475 denique
395 3409 461 3458 ante
474 3402 701 3478 experimentum
721 3402 791 3462 belli
810 3402 911 3462 llducia
930 3402 1030 3461 uirium
1048 3399 1110 3459 vel·

111 3479 151 3536 uti
170 3488 288 3540 naturae
314 3481 406 3558 ipsius
426 3482 569 3542 dominus·
582 3494 611 3544 et
634 3494 747 3544 montes
767 3487 794 3544 iu
812 3483 926 3564 planum
948 3479 1111 3544 deducebat
