2442 3975
47 220 168 276 mas
393 231 485 282 mun.
502 231 594 279 rum.
609 232 701 279 nuru.
930 276 938 290 ,
986 217 1045 288 ,79

48 384 151 457 debat,
169 382 262 460 qnod,
279 384 354 442 sicot
370 382 539 442 Alexandro
554 399 658 458 magno
676 383 818 462 Delphica
844 382 961 444 oracula
977 383 1044 443 insi·

49 467 111 528 diat
125 468 154 525 in
168 464 355 542 Macedonia,
373 467 413 525 ita
424 466 490 524 boio
501 482 677 543 responsura
689 467 840 526 Dodonaei
856 465 933 525 lovis
944 465 1044 526 urbem

48 549 219 609 Pandosiam
251 566 421 626 amnemque
450 548 641 610 Acherusiam
669 551 854 627 praedixerat
889 547 1041 626 {fataleml

50 631 132 705 Quae
154 640 276 708 utraque
299 648 362 690 eum
388 632 416 689 in
439 630 530 710 Epiro
557 640 671 706 essent,
697 634 813 709 ignarus
841 629 943 711 eadem
965 639 994 689 et
1015 633 1074 697 int

49 713 131 774 ltalia
147 731 232 788 esse,
248 714 284 774 ad
298 713 467 773 declinanda
485 715 608 774 futorum
625 716 757 792 pericula
774 714 958 792 peregrinam
972 711 1043 770 mili·

49 798 116 857 tiam
133 795 263 873 cupidius
279 795 421 871 elegerat.
449 796 539 873 Igitur
559 814 623 855 cnm
639 799 667 855 in
686 795 796 857 ltaliam
817 798 962 869 venisset,
987 796 1071 871 pri-5

49 897 123 939 mum
139 879 181 937 illi
198 877 306 938 bellum
321 895 385 938 cum
404 878 506 957 Aprilis
520 880 588 952 luit,
611 895 731 956 qnorum
753 881 871 955 cognito
886 877 966 937 urbis
984 878 1073 944 iatofi

49 962 133 1021 brevi
146 970 214 1038 post
226 969 357 1039 tempore
370 979 472 1039 pacem
484 971 513 1020 et
528 963 679 1021 amicitiam
692 979 755 1020 cum
765 979 837 1037 rege
851 977 951 1020 eorum
962 961 1042 1032 lecit.

49 1044 121 1104 llrat
143 1060 265 1120 namque
288 1052 356 1102 tunc
377 1046 518 1122 temporis
538 1044 607 1103 urbs
623 1044 728 1122 Apulis
741 1042 935 1117 Brundisium,
961 1056 1072 1121 quamq

50 1126 259 1187 Aetoli‘secuti
275 1135 333 1184 tum
348 1126 422 1186 fama
438 1143 534 1186 rernm
549 1129 577 1185 in
592 1126 679 1186 'l'roia
693 1136 839 1203 gestarum
857 1126 1044 1186 clarissimum

51 1219 80 1270 et
93 1209 302 1270 nobilissimum
317 1209 419 1269 ducem
437 1209 605 1269 Diomedem
625 1210 827 1269 condiderant:
849 1208 902 1269 sed
917 1209 992 1286 pulsi
1007 1209 1074 1276 aba

50 1292 154 1371 Apulis
176 1292 364 1351 consulentes
393 1293 511 1353 oracula
532 1310 704 1371 responsum
729 1300 920 1371 acceperant,
950 1293 1044 1356 locum

52 1377 99 1452 qni
120 1374 298 1452 repetissent
320 1384 463 1453 perpetuo
485 1393 687 1454 possessuros.
716 1375 777 1436 llac
792 1377 878 1453 igitur
899 1393 937 1434 ex
957 1389 1071 1442 causac

51 1475 104 1536 per
126 1457 240 1532 legatos
260 1475 323 1516 cum
346 1457 416 1518 belli
439 1460 659 1519 comminatione
679 1459 792 1519 restitui
813 1458 868 1517 sibi
890 1456 926 1517 ab
940 1458 1044 1535 Apulis

51 1540 153 1599 urbem
168 1539 400 1616 postulaverant;
434 1541 487 1600 sed
502 1541 550 1600 nbi
566 1541 671 1619 Apulis
686 1540 834 1600 oraculum
851 1541 989 1616 innotuit,
1004 1542 1089 1605 in·1o

51 1622 193 1682 terfectos
207 1622 322 1697 legatos
338 1625 367 1681 in
384 1623 456 1681 urbe
477 1624 670 1700 sepelierant,
694 1630 863 1700 perpetuam
884 1621 923 1680 ibi
944 1622 1044 1681 sedem

51 1704 211 1765 babituros.
244 1704 341 1781 Atque
361 1706 399 1763 ita
417 1705 544 1763 defuncti
558 1721 704 1783 responso
726 1705 774 1764 diu
788 1703 888 1763 urbem
903 1706 1044 1782 possede-

51 1797 125 1847 runt.
161 1787 245 1861 Quod
260 1788 366 1858 factum
380 1804 443 1845 cum
459 1789 647 1863 cognovisset
663 1786 848 1860 Alexander,
868 1788 1043 1864 antiquitatis
1054 1799 1086 1851 11

51 1871 110 1932 luta
125 1878 280 1928 veneratus
295 1868 373 1928 bello
388 1868 547 1947 Apulorum
565 1869 708 1928 abstinuit.
725 1867 822 1927 Gessit
836 1877 866 1926 et
882 1867 1089 1932 oumBrut·12

53 1954 98 2014 tiis
119 1951 300 2030 lucanisque
322 1951 430 2013 bellum
451 1951 613 2030 multasque
633 1950 721 2013 urbes
749 1951 841 2028 cepit:
872 1967 935 2009 cnm
955 1949 1045 2010 bleta·

53 2037 178 2115 pontinis
197 2044 226 2094 et
241 2034 406 2096 Poediculis
422 2045 452 2094 et
465 2034 600 2095 Romanis
618 2034 722 2094 foedus
741 2034 979 2127 amicitiamque
965 2033 1043 2092 lecit.

53 2120 112 2181 Sed
126 2118 226 2177 Bruttii
240 2116 405 2214 Insanique
431 2132 494 2176 cum
510 2119 615 2178 auxilia
634 2135 651 2178 a
672 2117 796 2175 buidmis
819 2104 1040 2189 contraxissent,
1056 2127 1090 2180 13

53 2203 147 2262 acrius
163 2200 271 2261 bellum
286 2202 463 2277 repetivere
496 2200 538 2259 lbi
553 2219 606 2260 rex
621 2202 699 2259 iuxta
714 2198 813 2258 urbem
830 2198 998 2257 Pandosiam
1014 2208 1043 2256 et
1055 2208 1091 2261 14

54 2285 158 2344 flumen
170 2282 352 2356 Acheronta,
368 2298 425 2341 non
438 2282 517 2360 prius
530 2284 625 2344 fatalis
637 2284 695 2342 loci
707 2283 824 2359 cognito
837 2282 950 2339 nomine
963 2298 1045 2358 quam

54 2366 220 2441 occideret,
247 2363 416 2425 interficitur
437 2368 622 2444 moriensque
644 2381 700 2424 non
721 2366 749 2423 in
769 2365 861 2442 patria
880 2362 971 2422 irrisae
991 2362 1046 2423 sibi

30 2450 250 2531 ⁴periculosam
271 2458 408 2523 mortem,
433 2457 655 2528 propterquam
675 2446 940 2525 patriamfugerat
963 2446 1046 2506 intel·

55 2534 136 2593 lexit.
164 2529 322 2610 Corpus
295 2551 357 2592 erus
369 2531 466 2592 Thurii
480 2531 597 2645 publice
612 2533 791 2609 redemptum
806 2529 973 2607 sepulturae
987 2539 1090 2594 tra-15

55 2617 198 2677 diderunt

118 2697 192 2754 Dum
206 2696 307 2755 haec
299 2715 327 2754 m
343 2696 423 2757 ltalia
439 2664 577 2773 aguntur,
594 2696 741 2774 Zopyrion
757 2712 889 2774 quoqne,
912 2696 1092 2773 praeter-16

54 2791 101 2841 tus
116 2777 198 2838 Ponti
216 2776 252 2836 ab
266 2776 432 2838 Alexandro
449 2797 553 2858 magno
565 2780 701 2852 relictus,
720 2780 842 2837 otiosum
857 2795 890 2836 se
905 2788 1000 2850 ratus,
1022 2779 1047 2834 si

54 2861 127 2922 nibil
140 2867 169 2918 et
183 2859 247 2935 ipse
263 2860 420 2935 gessisset,
438 2856 559 2922 adunato
575 2859 658 2920 XXX
667 2862 772 2920 sarlium
787 2861 917 2919 exercitu
933 2859 1049 2931 Scythis

55 2943 165 3005 bellum
180 2942 273 3001 intulit
288 2960 451 3042 caesusque
465 2962 529 3005 cum
546 2945 677 3004 omnibus
696 2943 788 3021 copiis
805 2958 927 3020 poenas
933 2949 1044 2998 temere
1057 2947 1090 3003 17

55 3027 135 3088 inlati
150 3024 220 3086 belli
233 3028 313 3103 genti
326 3027 460 3087 innoxiae
478 3028 537 3088 luit.

120 3111 149 3171 3
170 3110 249 3169 llaec
263 3127 327 3171 cum
337 3112 486 3171 nuntiata
478 3129 506 3169 m
516 3109 632 3170 Parthia
646 3107 813 3168 Alexandro
827 3072 941 3178 essent,
957 3105 1041 3163 simn-
1054 3116 1069 3166 1

57 3195 117 3254 lato
138 3209 272 3252 maerore
293 3203 415 3272 propter
437 3192 595 3254 Alexandri
618 3193 819 3267 cognationem
839 3189 980 3246 exercitui
996 3204 1049 3246 suo
1115 3243 1119 3251 ,

56 3275 151 3336 triduo
166 3276 273 3335 luctum
288 3276 397 3350 indixit.
414 3275 551 3336 Omnibus
567 3274 671 3336 deinde
685 3275 765 3333 velut
780 3277 953 3351 perpetrato
963 3268 1075 3331 bellos

57 3358 201 3419 reditum
193 3378 221 3417 ιιι
232 3359 354 3437 patriam
361 3358 590 3436 expectantibus
601 3359 800 3434 coniugesque
811 3371 846 3415 ac
860 3352 969 3412 liberos
981 3368 1050 3411 suos

57 3443 153 3502 auimo
168 3443 222 3502 iam
233 3441 358 3520 quodam
368 3442 454 3502 modo
467 3439 720 3521 conplectentibus
735 3439 772 3498 ad
787 3438 950 3497 contionem
962 3452 1050 3495 exer
