<?xml version="1.0" encoding="UTF-8"?>
<!DOCTYPE html PUBLIC "-//W3C//DTD XHTML 1.0 Transitional//EN"
    "http://www.w3.org/TR/xhtml1/DTD/xhtml1-transitional.dtd">
<html xmlns="http://www.w3.org/1999/xhtml" xml:lang="en" lang="en">
 <head>
  <title>
</title>
<meta http-equiv="Content-Type" content="text/html;charset=utf-8" />
  <meta name='ocr-system' content='tesseract 3.04.00' />
  <meta name='ocr-capabilities' content='ocr_page ocr_carea ocr_par ocr_line ocrx_word'/>
</head>
<body>
  <div class='ocr_page' id='page_1' title='image "./iustinustrogipo00troggoog_0430.png"; bbox 0 0 2442 3975; ppageno 0'>
   <div class='ocr_carea' id='block_1_1' title="bbox 149 180 1144 249">
    <p class='ocr_par' dir='ltr' id='par_1_1' title="bbox 149 180 1144 249">
     <span class='ocr_line' id='line_1_1' title="bbox 149 180 1144 249; baseline -0.002 -4"><span class='ocrx_word' id='word_1_1' title='bbox 149 180 212 246; x_wconf 76' lang='lat'>210</span> <span class='ocrx_word' id='word_1_2' title='bbox 354 226 359 233; x_wconf 90' lang='lat'>-</span> <span class='ocrx_word' id='word_1_3' title='bbox 500 194 610 249; x_wconf 79' lang='lat' dir='ltr'>raoni</span> <span class='ocrx_word' id='word_1_4' title='bbox 623 196 755 244; x_wconf 78' lang='lat' dir='ltr'>rossem</span> <span class='ocrx_word' id='word_1_5' title='bbox 979 186 1073 242; x_wconf 76' lang='lat' dir='ltr'>xum</span> <span class='ocrx_word' id='word_1_6' title='bbox 1089 192 1144 245; x_wconf 76' lang='lat' dir='ltr'>nr</span> 
     </span>
    </p>
   </div>
   <div class='ocr_carea' id='block_1_2' title="bbox 83 346 1209 3497">
    <p class='ocr_par' dir='ltr' id='par_1_2' title="bbox 107 346 1209 596">
     <span class='ocr_line' id='line_1_2' title="bbox 107 346 1145 426; baseline -0.002 -13"><span class='ocrx_word' id='word_1_7' title='bbox 107 360 139 413; x_wconf 87' lang='lat' dir='ltr'>ll</span> <span class='ocrx_word' id='word_1_8' title='bbox 152 349 268 409; x_wconf 83' lang='lat' dir='ltr'>Lavinia</span> <span class='ocrx_word' id='word_1_9' title='bbox 286 348 315 408; x_wconf 92' lang='lat' dir='ltr'>in</span> <span class='ocrx_word' id='word_1_10' title='bbox 334 349 543 409; x_wconf 77' lang='lat' dir='ltr'><strong>matrimonium</strong></span> <span class='ocrx_word' id='word_1_11' title='bbox 564 349 591 408; x_wconf 91' lang='lat' dir='ltr'>ei</span> <span class='ocrx_word' id='word_1_12' title='bbox 612 349 678 409; x_wconf 86' lang='lat' dir='ltr'>data</span> <span class='ocrx_word' id='word_1_13' title='bbox 699 365 793 426; x_wconf 76' lang='lat' dir='ltr'>gener</span> <span class='ocrx_word' id='word_1_14' title='bbox 818 346 1042 411; x_wconf 79' lang='lat' dir='ltr'>adscisceretur.</span> <span class='ocrx_word' id='word_1_15' title='bbox 1074 351 1145 411; x_wconf 86' lang='lat' dir='ltr'>Fost</span> 
     </span>
     <span class='ocr_line' id='line_1_3' title="bbox 151 431 1209 512; baseline 0.003 -21"><span class='ocrx_word' id='word_1_16' title='bbox 151 431 225 492; x_wconf 88' lang='lat' dir='ltr'>baee</span> <span class='ocrx_word' id='word_1_17' title='bbox 245 448 395 492; x_wconf 78' lang='lat' dir='ltr'>commune</span> <span class='ocrx_word' id='word_1_18' title='bbox 414 434 568 509; x_wconf 66' lang='lat' dir='ltr'>mireque</span> <span class='ocrx_word' id='word_1_19' title='bbox 590 431 702 492; x_wconf 90' lang='lat' dir='ltr'>bellum</span> <span class='ocrx_word' id='word_1_20' title='bbox 724 432 866 492; x_wconf 84' lang='lat' dir='ltr'>adversus</span> <span class='ocrx_word' id='word_1_21' title='bbox 883 431 1024 509; x_wconf 84' lang='lat' dir='ltr'>Turnum,</span> <span class='ocrx_word' id='word_1_22' title='bbox 1041 452 1144 512; x_wconf 77' lang='lat' dir='ltr'>regem</span> <span class='ocrx_word' id='word_1_23' title='bbox 1204 436 1209 443; x_wconf 83' lang='lat'>&#39;</span> 
     </span>
     <span class='ocr_line' id='line_1_4' title="bbox 150 505 1146 596; baseline 0.005 -24"><span class='ocrx_word' id='word_1_24' title='bbox 150 512 330 589; x_wconf 82' lang='lat' dir='ltr'>Rutulorum,</span> <span class='ocrx_word' id='word_1_25' title='bbox 348 524 470 594; x_wconf 91' lang='lat' dir='ltr'>propter</span> <span class='ocrx_word' id='word_1_26' title='bbox 483 514 629 575; x_wconf 80' lang='lat' dir='ltr'>fraudatas</span> <span class='ocrx_word' id='word_1_27' title='bbox 643 505 779 575; x_wconf 76' lang='lat' dir='ltr'>Lauiniae</span> <span class='ocrx_word' id='word_1_28' title='bbox 791 515 844 574; x_wconf 81' lang='lat' dir='ltr'>luit</span> <span class='ocrx_word' id='word_1_29' title='bbox 859 516 982 594; x_wconf 79' lang='lat' dir='ltr'>nuptias,</span> <span class='ocrx_word' id='word_1_30' title='bbox 996 517 1024 576; x_wconf 91' lang='lat' dir='ltr'>iu</span> <span class='ocrx_word' id='word_1_31' title='bbox 1041 534 1101 596; x_wconf 89' lang='lat' dir='ltr'>quo</span> <span class='ocrx_word' id='word_1_32' title='bbox 1114 527 1146 577; x_wconf 87' lang='lat' dir='ltr'>et</span> 
     </span>
    </p>

    <p class='ocr_par' dir='ltr' id='par_1_3' title="bbox 108 596 1144 759">
     <span class='ocr_line' id='line_1_5' title="bbox 108 596 1144 674; baseline 0.004 -18"><span class='ocrx_word' id='word_1_33' title='bbox 108 607 143 660; x_wconf 75' lang='lat'>12</span> <span class='ocrx_word' id='word_1_34' title='bbox 154 596 265 656; x_wconf 82' lang='lat' dir='ltr'>Turnus</span> <span class='ocrx_word' id='word_1_35' title='bbox 280 606 310 656; x_wconf 92' lang='lat' dir='ltr'>et</span> <span class='ocrx_word' id='word_1_36' title='bbox 322 597 437 658; x_wconf 82' lang='lat' dir='ltr'>batibus</span> <span class='ocrx_word' id='word_1_37' title='bbox 451 598 598 657; x_wconf 87' lang='lat' dir='ltr'>interiere.</span> <span class='ocrx_word' id='word_1_38' title='bbox 620 596 711 674; x_wconf 75' lang='lat' dir='ltr'>Igitur</span> <span class='ocrx_word' id='word_1_39' title='bbox 722 615 786 657; x_wconf 90' lang='lat' dir='ltr'>oum</span> <span class='ocrx_word' id='word_1_40' title='bbox 799 598 917 658; x_wconf 88' lang='lat' dir='ltr'>Aeneas</span> <span class='ocrx_word' id='word_1_41' title='bbox 925 600 990 666; x_wconf 86' lang='lat' dir='ltr'>iure</span> <span class='ocrx_word' id='word_1_42' title='bbox 1001 601 1144 660; x_wconf 79' lang='lat' dir='ltr'>victoriae</span> 
     </span>
     <span class='ocr_line' id='line_1_6' title="bbox 150 679 1144 759; baseline 0.004 -21"><span class='ocrx_word' id='word_1_43' title='bbox 150 688 273 758; x_wconf 84' lang='lat' dir='ltr'>utroque</span> <span class='ocrx_word' id='word_1_44' title='bbox 287 679 399 759; x_wconf 92' lang='lat' dir='ltr'>populo</span> <span class='ocrx_word' id='word_1_45' title='bbox 416 681 569 758; x_wconf 88' lang='lat' dir='ltr'>potiretur,</span> <span class='ocrx_word' id='word_1_46' title='bbox 586 680 687 740; x_wconf 90' lang='lat' dir='ltr'>urbem</span> <span class='ocrx_word' id='word_1_47' title='bbox 700 698 738 740; x_wconf 89' lang='lat' dir='ltr'>ex</span> <span class='ocrx_word' id='word_1_48' title='bbox 753 682 867 742; x_wconf 89' lang='lat' dir='ltr'>nomine</span> <span class='ocrx_word' id='word_1_49' title='bbox 882 682 982 741; x_wconf 90' lang='lat' dir='ltr'>uxoris</span> <span class='ocrx_word' id='word_1_50' title='bbox 996 680 1144 743; x_wconf 83' lang='lat' dir='ltr'>Lavinium</span> 
     </span>
    </p>

    <p class='ocr_par' dir='ltr' id='par_1_4' title="bbox 109 762 1145 1091">
     <span class='ocr_line' id='line_1_7' title="bbox 109 762 1144 840; baseline 0.002 -17"><span class='ocrx_word' id='word_1_51' title='bbox 109 771 144 826; x_wconf 80' lang='lat'>13</span> <span class='ocrx_word' id='word_1_52' title='bbox 155 763 292 824; x_wconf 85' lang='lat' dir='ltr'>condidit.</span> <span class='ocrx_word' id='word_1_53' title='bbox 329 762 440 824; x_wconf 89' lang='lat' dir='ltr'>Bellum</span> <span class='ocrx_word' id='word_1_54' title='bbox 455 762 559 823; x_wconf 90' lang='lat' dir='ltr'>deiude</span> <span class='ocrx_word' id='word_1_55' title='bbox 582 763 723 823; x_wconf 84' lang='lat' dir='ltr'>aduersus</span> <span class='ocrx_word' id='word_1_56' title='bbox 740 763 930 840; x_wconf 77' lang='lat' dir='ltr'>Mezentium,</span> <span class='ocrx_word' id='word_1_57' title='bbox 954 764 1144 825; x_wconf 80' lang='lat' dir='ltr'>Etruseorum</span> 
     </span>
     <span class='ocr_line' id='line_1_8' title="bbox 152 847 1144 925; baseline 0.003 -21"><span class='ocrx_word' id='word_1_58' title='bbox 152 864 270 923; x_wconf 82' lang='lat' dir='ltr'>regern,</span> <span class='ocrx_word' id='word_1_59' title='bbox 292 847 401 924; x_wconf 75' lang='lat' dir='ltr'>gessit:</span> <span class='ocrx_word' id='word_1_60' title='bbox 424 848 453 905; x_wconf 89' lang='lat' dir='ltr'>in</span> <span class='ocrx_word' id='word_1_61' title='bbox 475 862 534 925; x_wconf 86' lang='lat' dir='ltr'>quo</span> <span class='ocrx_word' id='word_1_62' title='bbox 555 847 700 924; x_wconf 79' lang='lat' dir='ltr'>cumipse</span> <span class='ocrx_word' id='word_1_63' title='bbox 725 847 901 923; x_wconf 78' lang='lat' dir='ltr'>occidisset,</span> <span class='ocrx_word' id='word_1_64' title='bbox 925 848 954 906; x_wconf 91' lang='lat' dir='ltr'>iu</span> <span class='ocrx_word' id='word_1_65' title='bbox 968 848 1065 908; x_wconf 89' lang='lat' dir='ltr'>loeum</span> <span class='ocrx_word' id='word_1_66' title='bbox 1079 850 1144 909; x_wconf 57' lang='lat' dir='ltr'>mles</span> 
     </span>
     <span class='ocr_line' id='line_1_9' title="bbox 150 926 1145 1008; baseline 0.004 -21"><span class='ocrx_word' id='word_1_67' title='bbox 150 928 294 988; x_wconf 89' lang='lat' dir='ltr'>Asoauius</span> <span class='ocrx_word' id='word_1_68' title='bbox 309 929 385 989; x_wconf 86' lang='lat' dir='ltr'>lilius</span> <span class='ocrx_word' id='word_1_69' title='bbox 400 930 554 1004; x_wconf 85' lang='lat' dir='ltr'>suceessit,</span> <span class='ocrx_word' id='word_1_70' title='bbox 568 930 618 1008; x_wconf 88' lang='lat' dir='ltr'>qui</span> <span class='ocrx_word' id='word_1_71' title='bbox 634 926 753 989; x_wconf 84' lang='lat' dir='ltr'>Lavinio</span> <span class='ocrx_word' id='word_1_72' title='bbox 768 930 874 989; x_wconf 88' lang='lat' dir='ltr'>relioto</span> <span class='ocrx_word' id='word_1_73' title='bbox 893 928 1022 1008; x_wconf 78' lang='lat' dir='ltr'>Longam</span> <span class='ocrx_word' id='word_1_74' title='bbox 1037 931 1145 991; x_wconf 91' lang='lat' dir='ltr'>Albam</span> 
     </span>
     <span class='ocr_line' id='line_1_10' title="bbox 153 1011 858 1091; baseline 0.001 -20"><span class='ocrx_word' id='word_1_75' title='bbox 153 1011 296 1087; x_wconf 78' lang='lat' dir='ltr'>condidit,</span> <span class='ocrx_word' id='word_1_76' title='bbox 314 1029 389 1089; x_wconf 82' lang='lat' dir='ltr'>quae</span> <span class='ocrx_word' id='word_1_77' title='bbox 406 1011 479 1073; x_wconf 93' lang='grc'>000</span> <span class='ocrx_word' id='word_1_78' title='bbox 496 1013 577 1072; x_wconf 92' lang='lat' dir='ltr'>annis</span> <span class='ocrx_word' id='word_1_79' title='bbox 594 1020 682 1090; x_wconf 85' lang='lat' dir='ltr'>eaput</span> <span class='ocrx_word' id='word_1_80' title='bbox 696 1014 779 1091; x_wconf 74' lang='lat' dir='ltr'>regni</span> <span class='ocrx_word' id='word_1_81' title='bbox 796 1013 858 1072; x_wconf 81' lang='lat' dir='ltr'>luit.</span> 
     </span>
    </p>

    <p class='ocr_par' dir='ltr' id='par_1_5' title="bbox 122 1094 1179 2171">
     <span class='ocr_line' id='line_1_11' title="bbox 125 1094 1147 1176; baseline -0.001 -18"><span class='ocrx_word' id='word_1_82' title='bbox 125 1107 140 1158; x_wconf 91' lang='lat'>1</span> <span class='ocrx_word' id='word_1_83' title='bbox 215 1095 245 1154; x_wconf 81' lang='lat'>2.</span> <span class='ocrx_word' id='word_1_84' title='bbox 268 1094 337 1156; x_wconf 82' lang='lat' dir='ltr'>Post</span> <span class='ocrx_word' id='word_1_85' title='bbox 355 1096 463 1155; x_wconf 89' lang='lat' dir='ltr'>multos</span> <span class='ocrx_word' id='word_1_86' title='bbox 485 1095 591 1156; x_wconf 79' lang='lat' dir='ltr'>deiude</span> <span class='ocrx_word' id='word_1_87' title='bbox 614 1095 697 1157; x_wconf 89' lang='lat' dir='ltr'>buius</span> <span class='ocrx_word' id='word_1_88' title='bbox 714 1095 794 1155; x_wconf 90' lang='lat' dir='ltr'>urbis</span> <span class='ocrx_word' id='word_1_89' title='bbox 810 1113 898 1175; x_wconf 78' lang='lat' dir='ltr'>reges</span> <span class='ocrx_word' id='word_1_90' title='bbox 912 1097 948 1156; x_wconf 91' lang='lat' dir='ltr'>ad</span> <span class='ocrx_word' id='word_1_91' title='bbox 965 1105 1147 1176; x_wconf 89' lang='lat' dir='ltr'>postremum</span> 
     </span>
     <span class='ocr_line' id='line_1_12' title="bbox 122 1174 1147 1257; baseline -0.002 -16"><span class='ocrx_word' id='word_1_92' title='bbox 122 1174 283 1241; x_wconf 66' lang='lat' dir='ltr'>bNumitor</span> <span class='ocrx_word' id='word_1_93' title='bbox 304 1188 334 1237; x_wconf 91' lang='lat' dir='ltr'>et</span> <span class='ocrx_word' id='word_1_94' title='bbox 354 1179 485 1239; x_wconf 77' lang='lat' dir='ltr'>Amulius</span> <span class='ocrx_word' id='word_1_95' title='bbox 509 1195 603 1255; x_wconf 79' lang='lat' dir='ltr'>regno</span> <span class='ocrx_word' id='word_1_96' title='bbox 626 1178 709 1257; x_wconf 89' lang='lat' dir='ltr'>potiti</span> <span class='ocrx_word' id='word_1_97' title='bbox 736 1188 809 1239; x_wconf 87' lang='lat' dir='ltr'>suut.</span> <span class='ocrx_word' id='word_1_98' title='bbox 848 1179 910 1239; x_wconf 82' lang='lat' dir='ltr'>Sed</span> <span class='ocrx_word' id='word_1_99' title='bbox 927 1179 1058 1239; x_wconf 83' lang='lat' dir='ltr'>Amulius</span> <span class='ocrx_word' id='word_1_100' title='bbox 1079 1198 1147 1240; x_wconf 89' lang='lat' dir='ltr'>eum</span> 
     </span>
     <span class='ocr_line' id='line_1_13' title="bbox 150 1261 1147 1340; baseline 0.004 -21"><span class='ocrx_word' id='word_1_101' title='bbox 150 1261 179 1318; x_wconf 89' lang='lat' dir='ltr'>ri</span> <span class='ocrx_word' id='word_1_102' title='bbox 196 1269 291 1320; x_wconf 89' lang='lat' dir='ltr'>aetate</span> <span class='ocrx_word' id='word_1_103' title='bbox 304 1262 446 1339; x_wconf 77' lang='lat' dir='ltr'>potiorem</span> <span class='ocrx_word' id='word_1_104' title='bbox 458 1262 637 1322; x_wconf 85' lang='lat' dir='ltr'>Numitorem</span> <span class='ocrx_word' id='word_1_105' title='bbox 650 1265 861 1340; x_wconf 81' lang='lat' dir='ltr'>oppressisset,</span> <span class='ocrx_word' id='word_1_106' title='bbox 879 1262 1042 1323; x_wconf 87' lang='lat' dir='ltr'>liliam&#39;eius</span> <span class='ocrx_word' id='word_1_107' title='bbox 1053 1261 1147 1323; x_wconf 84' lang='lat' dir='ltr'>Reum</span> 
     </span>
     <span class='ocr_line' id='line_1_14' title="bbox 153 1343 1145 1424; baseline 0.005 -24"><span class='ocrx_word' id='word_1_108' title='bbox 153 1343 182 1402; x_wconf 90' lang='lat' dir='ltr'>iu</span> <span class='ocrx_word' id='word_1_109' title='bbox 197 1352 368 1421; x_wconf 91' lang='lat' dir='ltr'>perpetuam</span> <span class='ocrx_word' id='word_1_110' title='bbox 380 1345 583 1422; x_wconf 77' lang='lat' dir='ltr'>virginitatem,</span> <span class='ocrx_word' id='word_1_111' title='bbox 600 1361 638 1404; x_wconf 90' lang='lat' dir='ltr'>ue</span> <span class='ocrx_word' id='word_1_112' title='bbox 649 1346 714 1424; x_wconf 79' lang='lat' dir='ltr'>(puis</span> <span class='ocrx_word' id='word_1_113' title='bbox 725 1346 833 1405; x_wconf 86' lang='lat' dir='ltr'>vindex</span> <span class='ocrx_word' id='word_1_114' title='bbox 844 1347 929 1422; x_wconf 75' lang='lat' dir='ltr'>regni</span> <span class='ocrx_word' id='word_1_115' title='bbox 944 1346 1037 1404; x_wconf 84' lang='lat' dir='ltr'>virilis</span> <span class='ocrx_word' id='word_1_116' title='bbox 1053 1364 1145 1405; x_wconf 84' lang='lat' dir='ltr'>sexus</span> 
     </span>
     <span class='ocr_line' id='line_1_15' title="bbox 153 1426 1148 1507; baseline 0.003 -23"><span class='ocrx_word' id='word_1_117' title='bbox 153 1444 191 1485; x_wconf 89' lang='lat' dir='ltr'>ex</span> <span class='ocrx_word' id='word_1_118' title='bbox 209 1436 296 1503; x_wconf 77' lang='lat' dir='ltr'>gente</span> <span class='ocrx_word' id='word_1_119' title='bbox 312 1426 469 1501; x_wconf 76' lang='lat' dir='ltr'>Numitoris</span> <span class='ocrx_word' id='word_1_120' title='bbox 486 1427 621 1503; x_wconf 89' lang='lat' dir='ltr'>oriretur,</span> <span class='ocrx_word' id='word_1_121' title='bbox 637 1427 784 1504; x_wconf 78' lang='lat' dir='ltr'>demersit,</span> <span class='ocrx_word' id='word_1_122' title='bbox 801 1427 897 1488; x_wconf 89' lang='lat' dir='ltr'>addita</span> <span class='ocrx_word' id='word_1_123' title='bbox 908 1429 1029 1489; x_wconf 89' lang='lat' dir='ltr'>iniuriae</span> <span class='ocrx_word' id='word_1_124' title='bbox 1041 1432 1148 1507; x_wconf 86' lang='lat' dir='ltr'>speeie</span> 
     </span>
     <span class='ocr_line' id='line_1_16' title="bbox 152 1508 1144 1586; baseline 0 -17"><span class='ocrx_word' id='word_1_125' title='bbox 152 1508 289 1586; x_wconf 92' lang='lat' dir='ltr'>honoris,</span> <span class='ocrx_word' id='word_1_126' title='bbox 313 1518 345 1568; x_wconf 90' lang='lat' dir='ltr'>ut</span> <span class='ocrx_word' id='word_1_127' title='bbox 368 1527 425 1570; x_wconf 91' lang='lat' dir='ltr'>non</span> <span class='ocrx_word' id='word_1_128' title='bbox 448 1511 596 1586; x_wconf 87' lang='lat' dir='ltr'>damnata,</span> <span class='ocrx_word' id='word_1_129' title='bbox 623 1511 676 1571; x_wconf 91' lang='lat' dir='ltr'>sed</span> <span class='ocrx_word' id='word_1_130' title='bbox 699 1512 839 1571; x_wconf 85' lang='lat' dir='ltr'>sacerdos</span> <span class='ocrx_word' id='word_1_131' title='bbox 864 1511 959 1571; x_wconf 89' lang='lat' dir='ltr'>eleota</span> <span class='ocrx_word' id='word_1_132' title='bbox 983 1511 1144 1572; x_wconf 89' lang='lat' dir='ltr'>rideretur.</span> 
     </span>
     <span class='ocr_line' id='line_1_17' title="bbox 123 1590 1147 1672; baseline -0.001 -18"><span class='ocrx_word' id='word_1_133' title='bbox 123 1590 243 1669; x_wconf 70' lang='lat' dir='ltr'>olgitur</span> <span class='ocrx_word' id='word_1_134' title='bbox 270 1591 368 1652; x_wconf 87' lang='lat' dir='ltr'>elaasa</span> <span class='ocrx_word' id='word_1_135' title='bbox 390 1595 419 1652; x_wconf 91' lang='lat' dir='ltr'>in</span> <span class='ocrx_word' id='word_1_136' title='bbox 447 1593 515 1653; x_wconf 88' lang='lat' dir='ltr'>luoo</span> <span class='ocrx_word' id='word_1_137' title='bbox 539 1593 624 1654; x_wconf 80' lang='lat' dir='ltr'>Marti</span> <span class='ocrx_word' id='word_1_138' title='bbox 650 1610 735 1653; x_wconf 83' lang='lat' dir='ltr'>sacro</span> <span class='ocrx_word' id='word_1_139' title='bbox 756 1594 830 1654; x_wconf 91' lang='lat' dir='ltr'>dnos</span> <span class='ocrx_word' id='word_1_140' title='bbox 854 1611 977 1672; x_wconf 90' lang='lat' dir='ltr'>pueros,</span> <span class='ocrx_word' id='word_1_141' title='bbox 1003 1597 1147 1654; x_wconf 79' lang='lat' dir='ltr'>incertum</span> 
     </span>
     <span class='ocr_line' id='line_1_18' title="bbox 123 1675 1146 1755; baseline -0.001 -17"><span class='ocrx_word' id='word_1_142' title='bbox 123 1684 253 1753; x_wconf 80' lang='lat' dir='ltr'>tstupro</span> <span class='ocrx_word' id='word_1_143' title='bbox 279 1692 314 1736; x_wconf 87' lang='lat' dir='ltr'>an</span> <span class='ocrx_word' id='word_1_144' title='bbox 335 1692 373 1735; x_wconf 87' lang='lat' dir='ltr'>ex</span> <span class='ocrx_word' id='word_1_145' title='bbox 390 1675 481 1737; x_wconf 87' lang='lat' dir='ltr'>blarte</span> <span class='ocrx_word' id='word_1_146' title='bbox 510 1685 691 1755; x_wconf 87' lang='lat' dir='ltr'>oouoeptos,</span> <span class='ocrx_word' id='word_1_147' title='bbox 720 1678 805 1737; x_wconf 88' lang='lat' dir='ltr'>enixa</span> <span class='ocrx_word' id='word_1_148' title='bbox 831 1687 886 1737; x_wconf 89' lang='lat' dir='ltr'>est.</span> <span class='ocrx_word' id='word_1_149' title='bbox 931 1676 997 1750; x_wconf 81' lang='lat' dir='ltr'>Quo</span> <span class='ocrx_word' id='word_1_150' title='bbox 1026 1679 1146 1755; x_wconf 76' lang='lat' dir='ltr'>cognito</span> 
     </span>
     <span class='ocr_line' id='line_1_19' title="bbox 153 1757 1145 1838; baseline 0.001 -22"><span class='ocrx_word' id='word_1_151' title='bbox 153 1757 283 1817; x_wconf 84' lang='lat' dir='ltr'>Amulius</span> <span class='ocrx_word' id='word_1_152' title='bbox 302 1758 494 1837; x_wconf 82' lang='lat' dir='ltr'>multiplicato</span> <span class='ocrx_word' id='word_1_153' title='bbox 515 1769 592 1820; x_wconf 92' lang='lat' dir='ltr'>metu</span> <span class='ocrx_word' id='word_1_154' title='bbox 616 1769 759 1837; x_wconf 86' lang='lat' dir='ltr'>proventu</span> <span class='ocrx_word' id='word_1_155' title='bbox 773 1760 894 1820; x_wconf 90' lang='lat' dir='ltr'>duorum</span> <span class='ocrx_word' id='word_1_156' title='bbox 908 1777 1017 1838; x_wconf 92' lang='lat' dir='ltr'>pueros</span> <span class='ocrx_word' id='word_1_157' title='bbox 1034 1760 1145 1837; x_wconf 86' lang='lat' dir='ltr'>exponi</span> 
     </span>
     <span class='ocr_line' id='line_1_20' title="bbox 153 1839 1145 1922; baseline 0 -22"><span class='ocrx_word' id='word_1_158' title='bbox 153 1840 234 1922; x_wconf 84' lang='lat' dir='ltr'>iubet</span> <span class='ocrx_word' id='word_1_159' title='bbox 249 1850 278 1900; x_wconf 90' lang='lat' dir='ltr'>et</span> <span class='ocrx_word' id='word_1_160' title='bbox 291 1839 418 1919; x_wconf 89' lang='lat' dir='ltr'>puellam</span> <span class='ocrx_word' id='word_1_161' title='bbox 428 1842 552 1902; x_wconf 81' lang='lat' dir='ltr'>tinnulis</span> <span class='ocrx_word' id='word_1_162' title='bbox 570 1851 688 1918; x_wconf 90' lang='lat' dir='ltr'>onerat,</span> <span class='ocrx_word' id='word_1_163' title='bbox 706 1861 743 1902; x_wconf 91' lang='lat' dir='ltr'>ex</span> <span class='ocrx_word' id='word_1_164' title='bbox 758 1860 878 1921; x_wconf 88' lang='lat' dir='ltr'>quorum</span> <span class='ocrx_word' id='word_1_165' title='bbox 893 1845 993 1904; x_wconf 91' lang='lat' dir='ltr'>iniuria</span> <span class='ocrx_word' id='word_1_166' title='bbox 1006 1843 1145 1902; x_wconf 82' lang='lat' dir='ltr'>decessit.</span> 
     </span>
     <span class='ocr_line' id='line_1_21' title="bbox 123 1920 1179 2007; baseline -0.002 -21"><span class='ocrx_word' id='word_1_167' title='bbox 123 1924 211 1986; x_wconf 76' lang='lat' dir='ltr'>bSed</span> <span class='ocrx_word' id='word_1_168' title='bbox 223 1922 348 1985; x_wconf 79' lang='lat' dir='ltr'>Fortuna</span> <span class='ocrx_word' id='word_1_169' title='bbox 360 1925 464 2002; x_wconf 79' lang='lat' dir='ltr'>origini</span> <span class='ocrx_word' id='word_1_170' title='bbox 474 1923 623 1986; x_wconf 84' lang='lat' dir='ltr'>Romanae</span> <span class='ocrx_word' id='word_1_171' title='bbox 639 1926 822 2005; x_wconf 82' lang='lat' dir='ltr'>prospiciens</span> <span class='ocrx_word' id='word_1_172' title='bbox 843 1932 951 2006; x_wconf 90' lang='lat' dir='ltr'>pueros</span> <span class='ocrx_word' id='word_1_173' title='bbox 966 1928 1052 2007; x_wconf 88' lang='lat' dir='ltr'>lupae</span> <span class='ocrx_word' id='word_1_174' title='bbox 1065 1925 1146 1986; x_wconf 89' lang='lat' dir='ltr'>alen·</span> <span class='ocrx_word' id='word_1_175' title='bbox 1175 1920 1179 1929; x_wconf 72' lang='grc'><em>’</em></span> 
     </span>
     <span class='ocr_line' id='line_1_22' title="bbox 154 2008 1147 2087; baseline 0 -19"><span class='ocrx_word' id='word_1_176' title='bbox 154 2008 209 2068; x_wconf 87' lang='lat' dir='ltr'>dos</span> <span class='ocrx_word' id='word_1_177' title='bbox 230 2008 349 2084; x_wconf 90' lang='lat' dir='ltr'>obtulit,</span> <span class='ocrx_word' id='word_1_178' title='bbox 373 2026 449 2087; x_wconf 84' lang='lat' dir='ltr'>quae</span> <span class='ocrx_word' id='word_1_179' title='bbox 473 2011 587 2070; x_wconf 89' lang='lat' dir='ltr'>amissis</span> <span class='ocrx_word' id='word_1_180' title='bbox 610 2010 714 2082; x_wconf 83' lang='lat' dir='ltr'>natulis</span> <span class='ocrx_word' id='word_1_181' title='bbox 735 2009 860 2070; x_wconf 88' lang='lat' dir='ltr'>distenta</span> <span class='ocrx_word' id='word_1_182' title='bbox 881 2010 972 2085; x_wconf 81' lang='lat' dir='ltr'>ubera</span> <span class='ocrx_word' id='word_1_183' title='bbox 995 2011 1147 2069; x_wconf 88' lang='lat' dir='ltr'>exinanire</span> 
     </span>
     <span class='ocr_line' id='line_1_23' title="bbox 127 2093 1148 2171; baseline -0.002 -16"><span class='ocrx_word' id='word_1_184' title='bbox 127 2093 276 2169; x_wconf 81' lang='lat' dir='ltr'>donpiens</span> <span class='ocrx_word' id='word_1_185' title='bbox 298 2093 439 2151; x_wconf 88' lang='lat' dir='ltr'>untrioem</span> <span class='ocrx_word' id='word_1_186' title='bbox 459 2110 493 2152; x_wconf 88' lang='lat' dir='ltr'>se</span> <span class='ocrx_word' id='word_1_187' title='bbox 514 2093 671 2154; x_wconf 77' lang='lat' dir='ltr'>infantibus</span> <span class='ocrx_word' id='word_1_188' title='bbox 693 2093 836 2171; x_wconf 88' lang='lat' dir='ltr'>praebuit.</span> <span class='ocrx_word' id='word_1_189' title='bbox 876 2094 948 2153; x_wconf 82' lang='lat' dir='ltr'>Cum</span> <span class='ocrx_word' id='word_1_190' title='bbox 969 2094 1086 2171; x_wconf 86' lang='lat' dir='ltr'>saepius</span> <span class='ocrx_word' id='word_1_191' title='bbox 1109 2093 1148 2153; x_wconf 90' lang='lat' dir='ltr'>ad</span> 
     </span>
    </p>

    <p class='ocr_par' dir='ltr' id='par_1_6' title="bbox 83 2174 1149 2255">
     <span class='ocr_line' id='line_1_24' title="bbox 83 2174 1149 2255; baseline 0.003 -23"><span class='ocrx_word' id='word_1_192' title='bbox 83 2236 92 2252; x_wconf 86' lang='lat'><strong>.</strong></span> <span class='ocrx_word' id='word_1_193' title='bbox 153 2174 292 2251; x_wconf 87' lang='lat' dir='ltr'>parrulos</span> <span class='ocrx_word' id='word_1_194' title='bbox 301 2174 392 2234; x_wconf 85' lang='lat' dir='ltr'>veluti</span> <span class='ocrx_word' id='word_1_195' title='bbox 408 2175 443 2235; x_wconf 92' lang='lat' dir='ltr'>ad</span> <span class='ocrx_word' id='word_1_196' title='bbox 457 2176 570 2236; x_wconf 83' lang='lat' dir='ltr'>enmtos</span> <span class='ocrx_word' id='word_1_197' title='bbox 582 2184 790 2251; x_wconf 86' lang='lat' dir='ltr'>reverteretur,</span> <span class='ocrx_word' id='word_1_198' title='bbox 805 2194 866 2236; x_wconf 86' lang='lat' dir='ltr'>rem</span> <span class='ocrx_word' id='word_1_199' title='bbox 879 2175 1032 2237; x_wconf 84' lang='lat' dir='ltr'>Faustulus</span> <span class='ocrx_word' id='word_1_200' title='bbox 1045 2186 1149 2255; x_wconf 87' lang='lat' dir='ltr'>pastor</span> 
     </span>
    </p>

    <p class='ocr_par' dir='ltr' id='par_1_7' title="bbox 111 2256 1151 3497">
     <span class='ocr_line' id='line_1_25' title="bbox 153 2256 1148 2338; baseline 0.001 -22"><span class='ocrx_word' id='word_1_201' title='bbox 153 2256 351 2317; x_wconf 82' lang='lat' dir='ltr'>animadvertit</span> <span class='ocrx_word' id='word_1_202' title='bbox 384 2257 608 2337; x_wconf 85' lang='lat' dir='ltr'>subtractosque</span> <span class='ocrx_word' id='word_1_203' title='bbox 646 2260 728 2319; x_wconf 84' lang='lat' dir='ltr'>ierne</span> <span class='ocrx_word' id='word_1_204' title='bbox 760 2261 837 2320; x_wconf 89' lang='lat' dir='ltr'>inter</span> <span class='ocrx_word' id='word_1_205' title='bbox 866 2277 976 2337; x_wconf 77' lang='lat' dir='ltr'>greges</span> <span class='ocrx_word' id='word_1_206' title='bbox 1006 2276 1148 2338; x_wconf 86' lang='lat' dir='ltr'>peeorum</span> 
     </span>
     <span class='ocr_line' id='line_1_26' title="bbox 127 2340 1148 2420; baseline 0 -19"><span class='ocrx_word' id='word_1_207' title='bbox 127 2340 263 2416; x_wconf 76' lang='lat' dir='ltr'>ingresti</span> <span class='ocrx_word' id='word_1_208' title='bbox 295 2341 353 2400; x_wconf 86' lang='lat' dir='ltr'>vita</span> <span class='ocrx_word' id='word_1_209' title='bbox 380 2342 505 2401; x_wconf 76' lang='lat' dir='ltr'>enutrivit.</span> <span class='ocrx_word' id='word_1_210' title='bbox 556 2341 678 2402; x_wconf 81' lang='lat' dir='ltr'>Martios</span> <span class='ocrx_word' id='word_1_211' title='bbox 705 2360 816 2420; x_wconf 90' lang='lat' dir='ltr'>pueros</span> <span class='ocrx_word' id='word_1_212' title='bbox 838 2344 948 2420; x_wconf 84' lang='lat' dir='ltr'>luisse,</span> <span class='ocrx_word' id='word_1_213' title='bbox 977 2344 1040 2402; x_wconf 82' lang='lat' dir='ltr'>sive</span> <span class='ocrx_word' id='word_1_214' title='bbox 1067 2340 1148 2420; x_wconf 82' lang='lat' dir='ltr'>quod</span> 
     </span>
     <span class='ocr_line' id='line_1_27' title="bbox 154 2422 1148 2504; baseline 0.004 -25"><span class='ocrx_word' id='word_1_215' title='bbox 154 2423 183 2480; x_wconf 89' lang='lat' dir='ltr'>in</span> <span class='ocrx_word' id='word_1_216' title='bbox 203 2422 269 2481; x_wconf 85' lang='lat' dir='ltr'>luen</span> <span class='ocrx_word' id='word_1_217' title='bbox 287 2422 387 2483; x_wconf 77' lang='lat' dir='ltr'>blattis</span> <span class='ocrx_word' id='word_1_218' title='bbox 406 2424 489 2484; x_wconf 85' lang='lat' dir='ltr'>enixi</span> <span class='ocrx_word' id='word_1_219' title='bbox 509 2434 574 2486; x_wconf 90' lang='lat' dir='ltr'>sunt</span> <span class='ocrx_word' id='word_1_220' title='bbox 589 2426 652 2485; x_wconf 82' lang='lat' dir='ltr'>sire</span> <span class='ocrx_word' id='word_1_221' title='bbox 674 2426 751 2502; x_wconf 88' lang='lat' dir='ltr'>quod</span> <span class='ocrx_word' id='word_1_222' title='bbox 776 2424 893 2504; x_wconf 90' lang='lat' dir='ltr'>alupa,</span> <span class='ocrx_word' id='word_1_223' title='bbox 919 2443 994 2503; x_wconf 85' lang='lat' dir='ltr'>quae</span> <span class='ocrx_word' id='word_1_224' title='bbox 1011 2423 1148 2485; x_wconf 83' lang='lat' dir='ltr'>iu&#39;tutela</span> 
     </span>
     <span class='ocr_line' id='line_1_28' title="bbox 153 2502 1148 2585; baseline 0.002 -22"><span class='ocrx_word' id='word_1_225' title='bbox 153 2502 252 2563; x_wconf 85' lang='lat' dir='ltr'>llartis</span> <span class='ocrx_word' id='word_1_226' title='bbox 271 2514 333 2581; x_wconf 89' lang='lat' dir='ltr'>est,</span> <span class='ocrx_word' id='word_1_227' title='bbox 357 2507 470 2583; x_wconf 89' lang='lat' dir='ltr'>nutriti,</span> <span class='ocrx_word' id='word_1_228' title='bbox 496 2509 588 2569; x_wconf 83' lang='lat' dir='ltr'>veluti</span> <span class='ocrx_word' id='word_1_229' title='bbox 606 2508 767 2569; x_wconf 75' lang='lat' dir='ltr'>manifestis</span> <span class='ocrx_word' id='word_1_230' title='bbox 793 2511 969 2585; x_wconf 69' lang='lat' dir='ltr'>argumentis</span> <span class='ocrx_word' id='word_1_231' title='bbox 995 2508 1148 2568; x_wconf 79' lang='lat' dir='ltr'>creditum.</span> 
     </span>
     <span class='ocr_line' id='line_1_29' title="bbox 122 2584 1150 2669; baseline 0.003 -24"><span class='ocrx_word' id='word_1_232' title='bbox 122 2584 275 2652; x_wconf 77' lang='lat' dir='ltr'>8Nomina</span> <span class='ocrx_word' id='word_1_233' title='bbox 297 2590 396 2665; x_wconf 90' lang='lat' dir='ltr'>pueris</span> <span class='ocrx_word' id='word_1_234' title='bbox 418 2589 506 2669; x_wconf 16' lang='lat' dir='ltr'>,alteri</span> <span class='ocrx_word' id='word_1_235' title='bbox 527 2589 636 2666; x_wconf 84' lang='lat' dir='ltr'>Remo,</span> <span class='ocrx_word' id='word_1_236' title='bbox 659 2590 744 2653; x_wconf 90' lang='lat' dir='ltr'>alteri</span> <span class='ocrx_word' id='word_1_237' title='bbox 766 2590 890 2651; x_wconf 86' lang='lat' dir='ltr'>Romulo</span> <span class='ocrx_word' id='word_1_238' title='bbox 905 2593 1000 2651; x_wconf 84' lang='lat' dir='ltr'>luere.</span> <span class='ocrx_word' id='word_1_239' title='bbox 1031 2589 1150 2650; x_wconf 88' lang='lat' dir='ltr'>Adultis</span> 
     </span>
     <span class='ocr_line' id='line_1_30' title="bbox 153 2670 1149 2751; baseline 0.002 -22"><span class='ocrx_word' id='word_1_240' title='bbox 153 2670 228 2730; x_wconf 90' lang='lat' dir='ltr'>inter</span> <span class='ocrx_word' id='word_1_241' title='bbox 242 2679 378 2749; x_wconf 89' lang='lat' dir='ltr'>pastores</span> <span class='ocrx_word' id='word_1_242' title='bbox 394 2672 431 2731; x_wconf 92' lang='lat' dir='ltr'>de</span> <span class='ocrx_word' id='word_1_243' title='bbox 446 2671 553 2733; x_wconf 78' lang='lat' dir='ltr'>virtute</span> <span class='ocrx_word' id='word_1_244' title='bbox 569 2675 713 2735; x_wconf 77' lang='lat' dir='ltr'>cotidiana</span> <span class='ocrx_word' id='word_1_245' title='bbox 731 2676 888 2735; x_wconf 84' lang='lat' dir='ltr'>certamina</span> <span class='ocrx_word' id='word_1_246' title='bbox 899 2683 929 2734; x_wconf 89' lang='lat' dir='ltr'>et</span> <span class='ocrx_word' id='word_1_247' title='bbox 942 2676 1021 2734; x_wconf 83' lang='lat' dir='ltr'>vires</span> <span class='ocrx_word' id='word_1_248' title='bbox 1036 2683 1066 2734; x_wconf 90' lang='lat' dir='ltr'>et</span> <span class='ocrx_word' id='word_1_249' title='bbox 1077 2692 1149 2751; x_wconf 89' lang='lat' dir='ltr'>per·</span> 
     </span>
     <span class='ocr_line' id='line_1_31' title="bbox 126 2753 1148 2836; baseline 0.002 -24"><span class='ocrx_word' id='word_1_250' title='bbox 126 2754 301 2826; x_wconf 68' lang='lat' dir='ltr'>trinitatem</span> <span class='ocrx_word' id='word_1_251' title='bbox 318 2771 437 2814; x_wconf 89' lang='lat' dir='ltr'>auxere.</span> <span class='ocrx_word' id='word_1_252' title='bbox 462 2753 554 2833; x_wconf 79' lang='lat' dir='ltr'>Igitur</span> <span class='ocrx_word' id='word_1_253' title='bbox 569 2775 633 2820; x_wconf 82' lang='lat' dir='ltr'>eum</span> <span class='ocrx_word' id='word_1_254' title='bbox 648 2758 777 2818; x_wconf 90' lang='lat' dir='ltr'>latrones</span> <span class='ocrx_word' id='word_1_255' title='bbox 795 2775 811 2818; x_wconf 99' lang='lat' dir='ltr'>a</span> <span class='ocrx_word' id='word_1_256' title='bbox 831 2759 932 2836; x_wconf 89' lang='lat' dir='ltr'>rapina</span> <span class='ocrx_word' id='word_1_257' title='bbox 948 2774 1088 2836; x_wconf 80' lang='lat' dir='ltr'>pecorum</span> <span class='ocrx_word' id='word_1_258' title='bbox 1106 2757 1148 2815; x_wconf 93' lang='lat' dir='ltr'>in·</span> 
     </span>
     <span class='ocr_line' id='line_1_32' title="bbox 154 2836 1149 2917; baseline 0.001 -21"><span class='ocrx_word' id='word_1_259' title='bbox 154 2836 263 2897; x_wconf 91' lang='lat' dir='ltr'>dustrie</span> <span class='ocrx_word' id='word_1_260' title='bbox 277 2837 506 2917; x_wconf 77' lang='lat' dir='ltr'>frequenterque</span> <span class='ocrx_word' id='word_1_261' title='bbox 527 2838 750 2915; x_wconf 87' lang='lat' dir='ltr'>submoverent,</span> <span class='ocrx_word' id='word_1_262' title='bbox 772 2839 881 2900; x_wconf 84' lang='lat' dir='ltr'>Remus</span> <span class='ocrx_word' id='word_1_263' title='bbox 896 2839 933 2900; x_wconf 91' lang='lat' dir='ltr'>ab</span> <span class='ocrx_word' id='word_1_264' title='bbox 952 2840 1044 2899; x_wconf 89' lang='lat' dir='ltr'>isdem</span> <span class='ocrx_word' id='word_1_265' title='bbox 1058 2839 1149 2898; x_wconf 90' lang='lat' dir='ltr'>latro-</span> 
     </span>
     <span class='ocr_line' id='line_1_33' title="bbox 154 2918 1147 3002; baseline 0.002 -24"><span class='ocrx_word' id='word_1_266' title='bbox 154 2918 238 2979; x_wconf 88' lang='lat' dir='ltr'>nibus</span> <span class='ocrx_word' id='word_1_267' title='bbox 263 2929 364 3002; x_wconf 71' lang='lat' dir='ltr'>oaptus</span> <span class='ocrx_word' id='word_1_268' title='bbox 387 2929 417 2980; x_wconf 89' lang='lat' dir='ltr'>et</span> <span class='ocrx_word' id='word_1_269' title='bbox 430 2921 521 2982; x_wconf 80' lang='lat' dir='ltr'>veluti</span> <span class='ocrx_word' id='word_1_270' title='bbox 535 2923 600 3000; x_wconf 88' lang='lat' dir='ltr'>ipse</span> <span class='ocrx_word' id='word_1_271' title='bbox 625 2930 719 2997; x_wconf 88' lang='lat' dir='ltr'>esset,</span> <span class='ocrx_word' id='word_1_272' title='bbox 736 2923 859 3001; x_wconf 84' lang='lat' dir='ltr'>quadiu</span> <span class='ocrx_word' id='word_1_273' title='bbox 877 2922 942 2983; x_wconf 88' lang='lat' dir='ltr'>aliis</span> <span class='ocrx_word' id='word_1_274' title='bbox 959 2920 1147 3000; x_wconf 88' lang='lat' dir='ltr'>prohibebat,</span> 
     </span>
     <span class='ocr_line' id='line_1_34' title="bbox 153 3002 1150 3084; baseline 0.002 -23"><span class='ocrx_word' id='word_1_275' title='bbox 153 3003 218 3080; x_wconf 78' lang='lat' dir='ltr'>regi</span> <span class='ocrx_word' id='word_1_276' title='bbox 232 3002 366 3063; x_wconf 83' lang='lat' dir='ltr'>od&#39;ertur:</span> <span class='ocrx_word' id='word_1_277' title='bbox 383 3003 494 3063; x_wconf 87' lang='lat' dir='ltr'>orimiui</span> <span class='ocrx_word' id='word_1_278' title='bbox 508 3004 601 3081; x_wconf 91' lang='lat' dir='ltr'>datur,</span> <span class='ocrx_word' id='word_1_279' title='bbox 620 3007 702 3084; x_wconf 86' lang='lat' dir='ltr'>qnasi</span> <span class='ocrx_word' id='word_1_280' title='bbox 715 3021 826 3082; x_wconf 76' lang='lat' dir='ltr'>greges</span> <span class='ocrx_word' id='word_1_281' title='bbox 838 3005 995 3065; x_wconf 88' lang='lat' dir='ltr'>Numitoris</span> <span class='ocrx_word' id='word_1_282' title='bbox 1006 3005 1150 3064; x_wconf 81' lang='lat' dir='ltr'>infestare</span> 
     </span>
     <span class='ocr_line' id='line_1_35' title="bbox 153 3084 1146 3165; baseline 0 -21"><span class='ocrx_word' id='word_1_283' title='bbox 153 3087 257 3144; x_wconf 90' lang='lat' dir='ltr'>solitus</span> <span class='ocrx_word' id='word_1_284' title='bbox 281 3095 371 3146; x_wconf 87' lang='lat' dir='ltr'>esset.</span> <span class='ocrx_word' id='word_1_285' title='bbox 407 3084 488 3145; x_wconf 83' lang='lat' dir='ltr'>&#39;luno</span> <span class='ocrx_word' id='word_1_286' title='bbox 512 3106 528 3147; x_wconf 92' lang='lat' dir='ltr'>a</span> <span class='ocrx_word' id='word_1_287' title='bbox 552 3106 626 3165; x_wconf 82' lang='lat' dir='ltr'>rege</span> <span class='ocrx_word' id='word_1_288' title='bbox 646 3087 787 3148; x_wconf 86' lang='lat' dir='ltr'>Numitori</span> <span class='ocrx_word' id='word_1_289' title='bbox 807 3089 836 3147; x_wconf 90' lang='lat' dir='ltr'>iu</span> <span class='ocrx_word' id='word_1_290' title='bbox 857 3087 997 3148; x_wconf 86' lang='lat' dir='ltr'>ultionem</span> <span class='ocrx_word' id='word_1_291' title='bbox 1014 3085 1146 3147; x_wconf 83' lang='lat' dir='ltr'>traditur.</span> 
     </span>
     <span class='ocr_line' id='line_1_36' title="bbox 111 3167 1149 3249; baseline -0.002 -19"><span class='ocrx_word' id='word_1_292' title='bbox 111 3176 147 3230; x_wconf 86' lang='lat' dir='ltr'>lo</span> <span class='ocrx_word' id='word_1_293' title='bbox 157 3168 216 3227; x_wconf 91' lang='lat' dir='ltr'>Sed</span> <span class='ocrx_word' id='word_1_294' title='bbox 227 3167 358 3228; x_wconf 87' lang='lat' dir='ltr'>Numitor</span> <span class='ocrx_word' id='word_1_295' title='bbox 369 3167 568 3231; x_wconf 86' lang='lat' dir='ltr'>adnleseentia</span> <span class='ocrx_word' id='word_1_296' title='bbox 584 3171 697 3231; x_wconf 88' lang='lat' dir='ltr'>iuvenis</span> <span class='ocrx_word' id='word_1_297' title='bbox 708 3179 858 3249; x_wconf 89' lang='lat' dir='ltr'>permotus</span> <span class='ocrx_word' id='word_1_298' title='bbox 870 3180 900 3231; x_wconf 90' lang='lat' dir='ltr'>et</span> <span class='ocrx_word' id='word_1_299' title='bbox 910 3172 940 3231; x_wconf 90' lang='lat' dir='ltr'>iu</span> <span class='ocrx_word' id='word_1_300' title='bbox 957 3170 1149 3249; x_wconf 86' lang='lat' dir='ltr'>suspitionem</span> 
     </span>
     <span class='ocr_line' id='line_1_37' title="bbox 154 3251 1149 3329; baseline 0.002 -20"><span class='ocrx_word' id='word_1_301' title='bbox 154 3252 281 3329; x_wconf 85' lang='lat' dir='ltr'>expositi</span> <span class='ocrx_word' id='word_1_302' title='bbox 306 3251 421 3329; x_wconf 86' lang='lat' dir='ltr'>nepotis</span> <span class='ocrx_word' id='word_1_303' title='bbox 447 3252 604 3328; x_wconf 82' lang='lat' dir='ltr'>adductus,</span> <span class='ocrx_word' id='word_1_304' title='bbox 631 3270 695 3314; x_wconf 88' lang='lat' dir='ltr'>oum</span> <span class='ocrx_word' id='word_1_305' title='bbox 726 3270 791 3314; x_wconf 92' lang='lat' dir='ltr'>eum</span> <span class='ocrx_word' id='word_1_306' title='bbox 818 3271 894 3314; x_wconf 85' lang='lat' dir='ltr'>nuno</span> <span class='ocrx_word' id='word_1_307' title='bbox 919 3254 1149 3314; x_wconf 85' lang='lat' dir='ltr'>liniamentorum</span> 
     </span>
     <span class='ocr_line' id='line_1_38' title="bbox 154 3331 1148 3415; baseline 0.004 -25"><span class='ocrx_word' id='word_1_308' title='bbox 154 3331 232 3391; x_wconf 80' lang='lat' dir='ltr'>Aliae</span> <span class='ocrx_word' id='word_1_309' title='bbox 256 3333 430 3410; x_wconf 87' lang='lat' dir='ltr'>similitudo,</span> <span class='ocrx_word' id='word_1_310' title='bbox 451 3350 527 3395; x_wconf 86' lang='lat' dir='ltr'>nuno</span> <span class='ocrx_word' id='word_1_311' title='bbox 548 3344 630 3396; x_wconf 88' lang='lat' dir='ltr'>aetas</span> <span class='ocrx_word' id='word_1_312' title='bbox 654 3337 845 3414; x_wconf 82' lang='lat' dir='ltr'>expositionis</span> <span class='ocrx_word' id='word_1_313' title='bbox 870 3336 1050 3415; x_wconf 88' lang='lat' dir='ltr'>temporibus</span> <span class='ocrx_word' id='word_1_314' title='bbox 1076 3352 1148 3394; x_wconf 88' lang='lat' dir='ltr'>oon·</span> 
     </span>
     <span class='ocr_line' id='line_1_39' title="bbox 153 3416 1151 3497; baseline 0.008 -28"><span class='ocrx_word' id='word_1_315' title='bbox 153 3429 262 3487; x_wconf 71' lang='lat' dir='ltr'>grneus</span> <span class='ocrx_word' id='word_1_316' title='bbox 285 3416 398 3474; x_wconf 87' lang='lat' dir='ltr'>anxium</span> <span class='ocrx_word' id='word_1_317' title='bbox 419 3424 569 3493; x_wconf 83' lang='lat' dir='ltr'>tenerent,</span> <span class='ocrx_word' id='word_1_318' title='bbox 602 3427 727 3497; x_wconf 88' lang='lat' dir='ltr'>repente</span> <span class='ocrx_word' id='word_1_319' title='bbox 750 3417 906 3479; x_wconf 85' lang='lat' dir='ltr'>Faustulus</span> <span class='ocrx_word' id='word_1_320' title='bbox 934 3437 998 3478; x_wconf 90' lang='lat' dir='ltr'>oum</span> <span class='ocrx_word' id='word_1_321' title='bbox 1021 3416 1151 3478; x_wconf 86' lang='lat' dir='ltr'>Romulo</span> 
     </span>
    </p>
   </div>
   <div class='ocr_carea' id='block_1_3' title="bbox 0 0 1233 3975">
    <p class='ocr_par' dir='ltr' id='par_1_8' title="bbox 0 0 1233 3975">
     <span class='ocr_line' id='line_1_40' title="bbox 0 0 1233 3975; baseline 0 0"><span class='ocrx_word' id='word_1_322' title='bbox 0 0 1233 3975; x_wconf 95' lang='lat' dir='ltr'> </span> 
     </span>
    </p>
   </div>
  </div>
 </body>
</html>
