2442 3975
129 212 188 274 1³22
406 218 407 222 ’
504 220 756 270 anacreontem
861 253 863 257 .
989 209 1120 268 nixae

94 390 114 444 9
126 381 188 457 ipsa
201 385 284 454 capta
294 381 387 450 esset,
402 375 609 452 personabant;
624 374 741 433 clausae
753 377 883 454 privatae
894 376 1006 449 domus,
1018 375 1120 435 clausa

124 462 244 520 deorum
258 458 380 535 templa;
396 459 559 517 intermissa
572 458 667 517 omnia
679 474 773 534 sacra,
787 460 882 517 omnia
895 459 1008 535 privata
1022 459 1120 517 officia

85 557 117 608 ιο
129 544 267 602 damnata.
291 539 393 612 Cuncti
406 540 510 600 deinde
522 541 682 617 ad-portum
694 550 908 617 congregantur
920 542 1119 618 egredientes·

126 643 183 703 que
204 640 316 701 paucos
339 641 355 682 e
369 623 506 709 navibus,
525 624 576 700 qui
592 623 668 682 cladi
683 626 902 702 superfuerant,
925 624 961 683 de
977 625 1036 682 suis
1052 641 1118 701 per·

83 719 116 771 ll
128 714 287 767 coutantur.
323 705 361 764 Ut
381 705 560 764 uarodubia
578 713 661 764 antea
679 723 733 784 spe
751 716 781 765 et
802 724 945 783 suspenso
961 716 1054 780 metu,
1077 708 1118 764 in·

125 799 205 850 certa
230 788 362 848 orbitatis
383 789 602 866 exspectatione
626 804 711 852 casus
736 806 852 847 suorum
872 789 987 847 miseris
1016 789 1118 863 eluxit,
1178 825 1180 828 -

117 878 191 932 ¹tunc
202 880 264 931 toto
280 871 365 930 litore
380 871 576 947 plangentium
590 872 731 948 gemitus,
746 880 812 930 tunc
827 871 985 931 infelicium
999 880 1118 929 matrum

103 999 105 1004 .
123 954 249 1014 ululatus
263 963 293 1012 et
306 953 420 1012 debiles
437 952 588 1031 querellae
603 953 802 1012 audiebantur.

98 1051 113 1101 1
186 1037 215 1097 3.
238 1036 317 1095 luter
333 1036 406 1095 haec
428 1036 560 1114 procedit
573 1036 658 1113 inops
675 1038 740 1094 navi
759 1053 810 1095 sua
826 1037 983 1113 imperator
1001 1034 1119 1094 sordida

123 1119 281 1196 servilique
298 1120 408 1194 tunica,
428 1118 656 1193 discinctus‚'ad
675 1120 755 1177 cuius
772 1127 962 1196 conspectum
977 1118 1118 1196 plangen-

97 1205 194 1265 2tium
215 1203 327 1277 agmina
343 1204 504 1278 iunguntur.
538 1200 605 1278 lpse
621 1218 737 1279 quoque
752 1197 871 1261 manum'
880 1201 915 1260 ad
932 1202 1042 1259 caelum
1057 1212 1118 1258 ten-

96 1298 115 1351 3
127 1286 198 1344 dens
212 1302 287 1342 nunc
299 1293 407 1343 sortem
419 1302 508 1358 suam,
526 1302 600 1342 nunc
612 1284 755 1360 publicam
767 1286 910 1344 fortunam
922 1284 1027 1351 dellet;
1045 1301 1120 1340 nunc

123 1369 197 1427 deos
219 1375 353 1441 accusat,
376 1362 423 1443 qui
437 1374 514 1424 tanta
529 1365 598 1425 belli
616 1368 723 1426 decora
741 1377 770 1427 et
783 1377 826 1426 tot
842 1376 1008 1426 ornamenta
1024 1362 1120 1424 victo-

102 1459 106 1466 '
123 1450 246 1524 riarum,
268 1465 342 1525 quae
357 1450 413 1526 ipsi
428 1449 583 1525 dederant,
606 1450 791 1517 abstulerint:
814 1445 862 1527 qui
878 1441 970 1528 captis
985 1459 1028 1507 tat
1043 1448 1118 1507 urbi·

124 1531 178 1590 bus
191 1532 357 1609 totiensque
368 1531 499 1600 hostibus
511 1533 643 1591 terrestri
654 1533 806 1609 navalique
819 1533 932 1610 praelio
942 1534 1119 1603 victisexer·

88 1624 114 1672 ‘4
126 1616 214 1696 citum.
225 1615 366 1673 victorem
381 1631 439 1673 uon
454 1613 550 1689 bello,
567 1614 619 1674 sed
637 1624 721 1693 peste
732 1615 909 1675 deleverint.
934 1613 1069 1682 vDelerre
1085 1630 1119 1671 se

123 1707 219 1756 tamen
240 1696 351 1756 civibus
374 1700 432 1759 suis
454 1713 510 1756 non
531 1698 643 1758 modica
665 1698 796 1773 salacia,
823 1699 900 1775 quod
921 1697 1003 1756 malis
1019 1713 1119 1755 eorum

98 1780 228 1845 shostes
249 1780 396 1857 gaudere,
419 1797 476 1839 non
496 1781 616 1857 gloriari
638 1791 775 1858 possent:
808 1782 917 1859 quippe
938 1798 1001 1839 cum
1023 1796 1118 1856 neque

124 1880 193 1938 eos,
216 1865 264 1942 qui
279 1865 383 1923 mortui
398 1873 479 1938 sunt,
502 1881 566 1922 ase
583 1866 718 1938 occisos,
742 1881 837 1941 neque
855 1880 924 1938 eos,
942 1864 989 1939 qui
1005 1862 1118 1921 reversi

13 1951 19 1960 '
96 1956 208 2022 asum,
237 1963 253 2006 a
275 1964 308 2006 se
330 1946 446 2023 fugatos
468 1948 580 2025 possint
607 1947 716 2007 dicere.
758 1946 895 2006 Praedam
916 1945 1025 2004 relictis
1047 1962 1063 2002 a
1086 1961 1138 2011 sek

124 2032 226 2090 castris
241 2029 429 2089 abstulerint:
445 2048 502 2089 non
518 2049 585 2109 esse
602 2031 704 2105 talem,
721 2049 804 2108 quam
819 2029 898 2087 velut
913 2027 1036 2104 spolium
1047 2028 1119 2084 victi

81 2184 85 2192 Δ
122 2113 215 2171 bostis
230 2122 391 2188 ostentent,
410 2114 462 2173 sed
479 2131 561 2191 quam
579 2115 768 2191 possessione
783 2129 874 2169 vacua
888 2110 1014 2169 fortuitis
1029 2109 1120 2167 domi·

95 2205 112 2260 7
124 2213 224 2254 norum
243 2195 382 2254 mortibus
404 2197 487 2254 sicuti
509 2196 618 2255 caduca
641 2197 819 2274 occuparint.
856 2192 940 2265 Quod
961 2192 997 2252 ad
1017 2193 1127 2251 hostes·

123 2279 264 2353 pertinet,
291 2280 420 2337 victores
440 2294 473 2338 se
494 2281 683 2343 recessisse;·
703 2279 780 2355 quod
802 2277 837 2336 ad
858 2285 988 2353 pestem,
1013 2277 1118 2333 victos.

95 2359 201 2423 anihil
224 2369 318 2419 tamen
341 2363 512 2438 mgravius
535 2362 631 2434 ferre,
654 2378 736 2438 quam
758 2360 834 2438 quod
856 2362 931 2418 inter
945 2358 1120 2418 fortissimos

122 2444 201 2500 viros
215 2444 287 2502 mori
302 2460 359 2501 non
375 2446 502 2522 potuerit
519 2453 710 2520 servatusque
727 2445 834 2501 sitnon
850 2442 885 2501 ad
899 2443 977 2500 vitae
992 2440 1120 2500 iucundi·

95 2532 227 2598 litatem,
247 2525 299 2585 sed
313 2525 347 2584 ad
364 2526 514 2586 ludibrium
530 2527 710 2586 calamitatis.
741 2523 918 2601 Quamquam
934 2523 983 2582 ubi
998 2526 1121 2582 miseras

123 2609 270 2685 copiarum
286 2608 426 2686 reliquias
446 2607 647 2685 Carthaginem
662 2608 828 2681 reduxerit,
853 2624 885 2664 se
901 2625 1019 2684 quoque
1035 2623 1119 2665 secu·

79 2700 216 2754 loturum
233 2692 444 2751 commilitones
459 2709 528 2751 suos
544 2702 784 2767 ostensurumque
800 2690 913 2765 patriae
927 2705 984 2747 nnn
1001 2689 1067 2748 ideo
1086 2704 1120 2744 se

122 2776 150 2832 in
169 2791 233 2833 eam
256 2774 330 2832 diem
351 2776 478 2853 vixisse,
507 2777 641 2852 quoniam
663 2774 754 2832 vellet
774 2774 894 2846 vivere,
924 2771 976 2830 sed
997 2770 1120 2840 nelias,

123 2858 225 2933 quibus
248 2840 370 2916 uelanda
387 2858 450 2916 lues
466 2865 658 2936 pepercerat,
681 2858 755 2915 inter
770 2856 894 2914 hostium
913 2851 1120 2912 exercituslo·

80 2953 113 3003 11
126 2950 208 3000 catos
222 2949 382 3010 mortesua
400 2940 547 3017 proderet.
585 2933 649 2998 lei
663 2939 875 2998 vociferatione
892 2955 946 3015 per
959 2936 1060 2993 urbem
1078 2935 1119 2989 in·
1156 2962 1178 2995 ο

122 3040 260 3099 gressus,
284 3031 315 3081 ut
333 3024 368 3082 ad
384 3023 478 3100 limina
498 3022 598 3081 domus
614 3038 684 3079 suae
703 3023 798 3096 venit,
822 3026 1007 3099 prosecutam
1025 3014 1120 3094 multi·

81 3115 113 3167 12
124 3106 251 3166 tudinem
269 3105 347 3165 velut
363 3115 511 3183 postremo
526 3104 662 3181 adloquia
674 3102 996 3176 dimisitobseratisque
1009 3098 1122 3158 loribus

122 3206 158 3247 ao
181 3188 294 3247 nemine
314 3189 350 3248 ad
374 3206 424 3263 se,
455 3205 491 3247 ne
519 3187 584 3246 liliis
610 3182 734 3263 quidem'
758 3187 890 3245 admissis
915 3194 1038 3243 mortem
1066 3179 1122 3239 sibi

124 3271 275 3330 conscivit.
920 3286 924 3296 ’

498 3393 706 3404 ——-.--—
