2442 3975
68 215 72 232 ‘
157 220 199 283 96
340 263 344 270 .
530 229 639 278 nnoor
653 230 784 279 uosrsr
1018 222 1154 278 nurus

1097 305 1111 331 ,

158 398 238 448 turus
263 386 411 459 uenisset,
444 397 617 460 responsum
643 386 773 462 aceepit,
810 402 869 462 quo
899 384 1053 444 iubebatur
1080 385 1154 446 fllius

159 474 221 532 eius
249 469 347 529 Battus
377 468 504 527 Africam
532 475 635 544 petere
665 477 694 527 et
724 468 825 527 urbem
849 466 986 542 Cyrenen
1009 468 1152 530 condere:

129 567 240 620 susum
267 553 309 613 ibi
330 553 446 628 linguae
473 559 671 627 accepturum.
728 549 798 610 Cum
824 569 997 629 responsum
1028 552 1153 612 ludibrio

159 638 252 698 simile
269 636 418 695 videretur
433 643 555 712 propter
569 634 751 693 solitudinem
765 634 879 694 Therae
895 636 1024 709 insulae,
1041 653 1079 693 ex
1097 649 1153 711 qua

159 721 256 782 coloni
271 720 307 778 ad
322 718 424 777 urbem
440 716 619 776 condendam
639 719 669 775 in
684 717 812 777 Africam
827 727 882 777 tarn
900 728 1000 778 uastae
1025 718 1152 794 regionis

130 803 308 883 Aprolioisci
321 801 508 872 iubebantur,
525 818 575 859 res
590 802 697 861 omissa
711 810 767 860 est.
790 799 948 860 Interiectu
964 800 1067 861 deinde
1084 811 1151 872 tem·

160 905 233 966 pore
248 886 328 944 velut
349 894 535 944 contumaces
552 884 718 961 pestilentia
741 884 797 943 deo
814 902 921 962 parere
939 884 1152 962 conpelluntur,

120 981 129 1000 '
160 986 280 1048 quornm
297 977 355 1027 tam
376 968 495 1044 insignis
516 969 646 1045 paucitas
662 968 728 1042 init,
749 977 778 1027 ut
796 969 846 1027 vix
863 985 948 1027 unam
963 985 1073 1026 navem
1086 984 1152 1026 con·

130 1054 282 1131 splerent.
319 1048 391 1110 Cum
407 1052 557 1110 venissent
576 1052 605 1108 in
620 1049 765 1126 Africam,
790 1050 882 1128 pulsis
899 1052 1010 1111 accolis
1028 1061 1154 1110 montem

159 1125 254 1211 Cyran
270 1145 299 1193 et
315 1142 438 1212 propter
453 1133 654 1192 amoenitatem
671 1134 729 1193 loci
745 1143 775 1193 et
796 1145 918 1212 propter
937 1134 1025 1194 lontis
1039 1134 1153 1194 uberta·

130 1229 215 1286 ntem
234 1235 429 1296 occupavere.
454 1214 497 1274 lbl
513 1215 612 1291 Battus
629 1215 686 1274 dux
704 1234 804 1276 eorum
819 1217 935 1294 linguae
949 1219 1032 1279 nodis
1051 1219 1154 1277 solutis

158 1303 237 1377 loqui
256 1302 378 1377 primum
400 1300 513 1376 eoepit,
538 1316 613 1375 quae
634 1317 683 1357 res
704 1301 814 1360 animos
830 1318 930 1360 eorurn
949 1320 987 1361 ex
1003 1301 1154 1378 promissis

158 1385 205 1444 dei
229 1386 284 1442 iam
304 1391 387 1460 parte
400 1390 543 1460 percepta
566 1382 594 1440 in
613 1382 753 1460 reliquam
774 1402 857 1462 spem
877 1385 1049 1444 condendae
1075 1384 1153 1443 urhis

129 1467 301 1533 tacoendit.
337 1466 442 1525 Positis
458 1466 545 1541 igitur
555 1466 659 1523 castris
670 1469 836 1543 opinionem
845 1470 958 1529 veteris
969 1468 1086 1528 fabulae
1106 1484 1153 1526 ac·

158 1553 281 1629 cipiunt,
298 1546 451 1624 Cyrenen,
471 1547 593 1606 eximiae
610 1548 831 1625 pulchritudinis
849 1552 1007 1627 virginem,
1031 1569 1047 1610 a
1063 1550 1152 1609 'Phes-

157 1636 247 1695 saliae
269 1642 365 1691 monte
380 1631 461 1691 Pelio
477 1630 667 1708 ab'Apolline
684 1641 795 1710 raptam
812 1634 1011 1712 perlatumque
1034 1636 1063 1693 in
1079 1635 1154 1692 eins*

158 1719 223 1778 dem
244 1718 348 1775 montis
370 1717 454 1792 iuga,
480 1716 560 1775 cuius
576 1714 682 1774 collem
698 1728 929 1793 occupaverant,
953 1718 1042 1777 adeo
1057 1716 1153 1795 reple·

157 1810 218 1860 tarn
237 1803 372 1878 quattuor
392 1815 500 1876 pueros
522 1799 692 1876 peperisse,
712 1797 861 1877 Nomium,
890 1802 1071 1874 Aristaeum,
1093 1800 1154 1857 Au·

127 1883 289 1956 otuohnm,
307 1883 451 1958 Agreum;
473 1882 578 1940 missos
595 1899 611 1939 a
628 1890 712 1959 patre
727 1880 864 1960 llypseo,
881 1903 953 1961 rege
970 1883 1153 1956 Thessaliae,

158 1968 206 2048 qui
222 1968 424 2049 perquirerent
444 1965 601 2042 virginem,
618 1965 677 2026 looi
695 1968 869 2028 amoenitate
887 1977 990 2046 captos
1004 1969 1037 2025 in
1061 1966 1154 2025 isdem

128 2052 243 2117 9terris
268 2069 331 2108 oum
358 2050 470 2125 virgine
488 2050 652 2115 resedisse;
680 2068 717 2109 ex
737 2051 781 2110 his
797 2053 895 2129 pueris
917 2061 977 2111 tres
992 2050 1107 2110 adultos
1124 2049 1154 2107 in

115 2133 338 2201 10Thessaliam
357 2149 495 2192 reversos
535 2137 611 2192 avita
643 2152 731 2209 regna
761 2134 1090 2212 cepisse:·Aristaeum
1125 2133 1155 2190 in

156 2217 282 2279 Arcadia
298 2217 356 2276 late
374 2233 536 2293 regnasse,
565 2233 689 2292 eumque
704 2217 826 2294 primum
843 2226 873 2276 et
895 2216 989 2295 apium
1011 2225 1039 2274 et
1058 2214 1153 2275 meilis

156 2318 238 2359 usum
255 2308 284 2358 et
304 2299 388 2358 lactis
411 2300 447 2359 ad
469 2299 591 2375 coagula
616 2297 779 2360 hominihus
800 2300 955 2360 tradidisse
978 2298 1154 2358 solstitialis·

116 2395 147 2448 11
159 2401 215 2461 que
241 2391 321 2441 ortus
343 2380 447 2441 sideris
473 2383 593 2459 primurn
619 2383 776 2443 invenisse.
815 2382 925 2456 Quibus
959 2382 1061 2440 auditis
1087 2380 1154 2440 Bat-

128 2501 131 2506 -
156 2474 201 2523 tus
230 2466 350 2541 virginis
378 2467 491 2525 nornine
522 2484 560 2524 ex
584 2468 737 2543 responsis
762 2468 860 2542 agnito
888 2464 990 2523 urbem
1015 2461 1155 2537 Cyrenen

157 2547 294 2608 condidit.
321 2592 324 2597 ⁴
921 2594 927 2604 .

130 2644 145 2695 1
168 2648 171 2653 ⁴
220 2631 249 2692 8.
273 2629 364 2708 Igitur
382 2630 566 2691 Ptolemaeus
586 2631 670 2692 huius
697 2630 776 2690 urhis
792 2638 894 2690 auctus
915 2628 1026 2687 viribus
1045 2628 1155 2688 bellum

127 2715 186 2778 tin
209 2714 361 2774 adventum
382 2714 541 2774 Perdiccae
558 2715 689 2792 parabat.
725 2714 786 2775 Sed
801 2712 961 2773 Perdiccae
976 2713 1042 2790 plns
1058 2712 1155 2773 odium

157 2799 339 2875 arrogantiae
352 2813 435 2876 qrram
452 2799 529 2856 vires
542 2799 667 2857 hostiurn
692 2798 837 2874 nocebat,
867 2815 952 2875 quam
968 2798 1052 2856 exosi
1068 2797 1154 2854 etiam

131 2885 233 2948 3socii
255 2882 290 2941 ad
319 2882 499 2960 Antipatrum
520 2883 662 2958 gregatim
689 2881 905 2958 profugiebant.
941 2880 1155 2957 Neoptolemus

157 2960 274 3043 qnoque
289 2965 317 3024 in
333 2965 468 3040 auxilium
486 2964 607 3023 Eumeni
628 2963 750 3023 relictus
772 2982 829 3024 non
846 2965 939 3024 solum
955 2962 1155 3038 transfugere,

126 3062 256 3112 suerum
273 3050 358 3107 etiam
375 3048 501 3126 prodere
517 3048 639 3125 partium
663 3049 822 3107 exercitum
838 3048 938 3107 voluit.
982 3045 1074 3119 Quam
1090 3063 1157 3104 rem

157 3151 220 3191 cunr
236 3134 450 3209 praesensisset
468 3127 624 3207 Eumenes,
641 3148 704 3189 cum
720 3131 871 3209 proditore
886 3131 1048 3190 decernere
1064 3145 1155 3206 proe-

128 3214 195 3278 olio
224 3233 348 3275 neeesse
376 3215 484 3275 hahuit.
532 3213 634 3272 Victus
666 3212 879 3292 Neoptolemus
909 3213 944 3272 ad
971 3214 1156 3290 Antipatrum

156 3306 185 3356 et
212 3297 426 3374 Polyperconte
453 3298 582 3376 profugit
603 3297 707 3374 hisque
729 3297 903 3374 persuadet,
926 3306 956 3355 ut
980 3295 1157 3355 continuatis

154 3380 349 3439 mansionibus
370 3381 448 3440 laeto
471 3400 509 3439 ex
531 3382 653 3439 uictoria
676 3389 705 3438 et
733 3397 839 3439 securo
861 3380 929 3456 iuga
951 3396 1002 3439 sua
1030 3378 1157 3438 [lumeni

126 3463 368 3537 osuperveniant.
400 3463 459 3522 Sed
474 3481 523 3522 res
537 3460 687 3521 Eumenen
714 3480 771 3522 nou
786 3462 877 3522 latuit.
909 3463 1011 3539 ltaque
1031 3462 1157 3525 insidiae
