2442 3975
117 201 137 261 6
424 215 429 221 ¹
505 208 764 259 reomaenses
895 220 900 225 ·
1039 202 1121 259 lat

92 379 242 443 treguam
265 364 301 425 ad
314 364 466 442 Astyagen
486 363 647 424 descendit.
690 364 745 424 Hic
765 382 819 442 per
841 380 969 427 semum
989 365 1060 425 vidit
1082 384 1121 426 ex

117 447 293 509 naturalibus
310 447 402 523 filiae,
419 465 502 526 quam
516 448 629 507 unicam
644 447 778 523 babebat,
793 449 880 507 vitem
894 457 1021 523 enatam,
1039 453 1120 509 ouius
1154 454 1158 460 ’

92 533 237 612 3ριι1ιιιίιθ
258 532 350 591 omnis
372 532 442 591 Asia
465 530 695 591 obumbraretur.
735 529 870 591 Consulti
890 531 992 592 harioli
1015 550 1053 591 ex
1072 550 1116 592 ea·

118 618 183 675 dem
206 613 263 675 iilia
287 625 424 693 nepotem
442 617 469 674 ei
488 615 630 691 futurum,
654 616 734 674 cuius
752 615 919 691 magnitudo
936 617 1118 693 praenuntie-

93 709 182 773 4tur,
211 700 354 776 regnique
377 701 404 759 ei
427 697 611 757 amissionem
638 697 773 775 portendi
793 698 1017 777 respondemnt.
1056 698 1120 759 Hoc

42 792 44 797 ⁴
118 798 263 859 responso
280 783 436 841 exterritus
452 798 547 858 neque
565 781 645 840 claro
662 782 723 840 viro
739 799 835 859 neque
852 782 908 841 oiri
923 781 1010 841 liliam
1032 799 1120 857 suam,

117 883 154 925 ne
169 873 290 944 paterna
305 873 492 942 maternaque
504 863 641 924 nobilitas
653 867 753 943 nepoti
766 867 875 924 animos
888 864 1053 942 extolleret,
1068 864 1121 924 sed

118 968 156 1009 ex
176 956 264 1025 gente
286 949 411 1008 obscura
435 958 494 1007 tum
516 950 663 1027 temporie
680 948 832 1007 Persarum
852 947 995 1024 Cambysi,
1013 949 1120 1007 medio·

91 1035 161 1097 scri
183 1034 263 1106 viro,
287 1034 315 1091 in
338 1033 546 1091 matrimonium
568 1030 692 1090 tradidit.
734 1031 779 1090 Ne
807 1035 850 1091 sic
876 1031 989 1110 quidem
1017 1033 1122 1091 somnii

67 1184 69 1187 ¹
118 1124 195 1174 metu
212 1114 347 1192 deposito
362 1115 512 1191 gravidam
527 1114 564 1173 ad
581 1133 614 1174 se
631 1115 717 1174 liliam
734 1118 873 1191 arcessit,
891 1125 921 1174 ut
936 1114 990 1174 sub
1005 1118 1051 1175 avi
1069 1133 1119 1194 po·

89 1200 253 1262 fitissimum
271 1199 365 1257 oculis
384 1208 483 1277 partus
505 1206 669 1257 necaretur.
713 1199 803 1258 Natus
823 1200 916 1270 iulans
941 1198 1022 1258 datur
1042 1201 1119 1259 ocei-

90 1291 107 1345 t
119 1281 229 1341 dendus
243 1280 391 1360 Harpago,
405 1283 672 1357 regisarcanorum
687 1284 833 1361 participi.
868 1282 897 1341 ls
912 1285 1030 1357 ueritus,
1046 1284 1070 1341 si
1085 1281 1121 1342 ad

119 1365 205 1425 liliam
221 1373 333 1424 mortuo
350 1382 423 1440 rege
439 1367 570 1422 venisset
584 1367 743 1443 imperium,
763 1368 826 1443 quia
851 1365 957 1425 nullum
972 1366 1121 1443 Astyages

119 1449 210 1508 virilis
226 1467 313 1507 sexus
328 1457 480 1524 genuerat,
497 1466 534 1506 ne
550 1447 599 1507 illa
613 1450 708 1508 necati
723 1448 838 1508 infantis
860 1449 1014 1525 ultionem,
1037 1467 1120 1527 quam
1158 1476 1161 1481 >

119 1550 135 1593 a
151 1540 234 1610 patre
250 1549 307 1591 uon
322 1535 475 1610 potuisset,
493 1548 508 1590 a
524 1531 653 1591 ministro
670 1533 820 1608 exigeret,
845 1536 954 1610 pastori
974 1535 1048 1609 regii
1069 1550 1118 1610 pe·

91 1618 198 1678 ticonio
215 1632 334 1692 puerum
350 1614 555 1693 exponendum
571 1614 665 1674 tradit.
708 1614 798 1674 Forte
815 1615 918 1675 eodem
938 1625 1068 1694 tempore
1090 1623 1119 1673 et

91 1701 175 1777 9ipsi
191 1701 300 1776 pastori
321 1703 404 1758 uatus
423 1699 497 1757 illius
520 1705 591 1756 erat.
636 1697 707 1758 Eius
727 1700 813 1775 igitur
835 1718 907 1758 uxor
925 1699 1019 1760 audita
1039 1699 1119 1774 regis

120 1782 234 1840 infantis
266 1784 451 1860 expositione
486 1781 601 1839 summis
634 1781 770 1862 precibus
800 1792 886 1858 rogat
914 1782 969 1841 sibi
995 1783 1120 1861 perferri

79 1873 112 1926 10
121 1864 291 1942 ostendique
314 1882 443 1942 puerum.
478 1863 566 1923 Cuius
581 1864 718 1942 precibus
734 1865 871 1942 fatigatus
887 1874 1002 1945 pastor,
1021 1883 1119 1925 rever-

121 1966 170 2009 sus
187 1949 215 2008 in
233 1947 345 2024 silvam,
363 1948 472 2008 invenit
486 1950 563 2007 iuxta
579 1947 714 2008 infantem
733 1966 832 2008 canem
850 1949 981 2008 feminam
997 1948 1119 2026 parvulo

79 2032 210 2094 nubere
225 2034 411 2111 praebentem
428 2041 458 2091 et
474 2051 490 2091 a
505 2031 577 2089 ieris
592 2032 766 2109 alitibusque
785 2032 994 2091 defendentem.
1023 2031 1119 2090 blotus

121 2125 151 2175 et
167 2118 231 2194 ipse
247 2115 455 2190 misericordia,
468 2132 524 2193 qua
535 2124 641 2175 motam
655 2118 739 2176 etiam
752 2133 850 2176 canem
862 2114 982 2191 viderat,
1000 2132 1121 2192 puerum

78 2207 112 2260 12
122 2197 216 2258 delent
237 2198 273 2257 ad
294 2199 423 2275 stabula,
449 2197 550 2258 eadem
574 2216 646 2258 caue
667 2200 751 2258 anxie
772 2207 979 2278 prosequente.
1029 2198 1120 2274 Quem

119 2281 167 2341 ubi
184 2284 211 2341 in
225 2299 336 2341 manum
351 2283 454 2341 mulier
470 2283 594 2358 accepit,
612 2281 701 2342 veluti
717 2283 752 2341 ad
767 2292 863 2342 uotam
878 2282 997 2359 adlusit,
1015 2291 1119 2341 tantus·

121 2383 176 2443 que
191 2366 220 2423 in
234 2365 284 2425 illo
306 2368 391 2444 vigor
413 2374 442 2424 et
463 2365 556 2425 dulcis
577 2366 691 2442 quidam
715 2366 886 2426 blandientis
908 2366 1023 2425 iulautis
1045 2368 1120 2425 risus

35 2499 38 2506 .
122 2449 271 2526 apparuit,
295 2459 326 2508 ut
352 2458 500 2528 pastorem
524 2447 599 2507 ultro
624 2459 760 2526 rogaret,
784 2452 963 2528 permitteret
983 2448 1036 2508 sibi
1058 2450 1120 2508 sive

79 2531 252 2595 13lortuuue
274 2534 365 2610 ipsius
389 2534 451 2591 sive
472 2533 536 2611 spei
559 2550 628 2591 suae
655 2551 774 2611 puerum
799 2536 916 2593 nutrire.
961 2533 1057 2610 Atque
1082 2535 1120 2592 ita

121 2623 279 2693 permutata
295 2626 373 2676 sorte
395 2615 641 2694 parvulorumbic
664 2617 799 2695 proillio
824 2618 949 2696 pastoris
972 2616 1119 2691 educatur,

79 2698 170 2760 llille
186 2716 239 2776 pro
255 2708 362 2778 nepote
373 2700 455 2776 regis
467 2700 631 2777 exponitur.
659 2698 771 2760 Nutrici
789 2710 892 2781 postea
907 2715 1010 2759 nomen
1023 2700 1120 2777 Spaco

119 2782 182 2857 luit,
200 2783 266 2858 quia
283 2801 381 2843 canem
398 2782 506 2843 Persae
523 2783 566 2840 sic
581 2793 697 2843 vocant.
746 2839 748 2844 ,

92 2876 108 2927 1
181 2866 210 2924 5.
234 2865 309 2926 Puer
334 2866 437 2925 deiude
460 2883 523 2925 cum
544 2867 619 2924 iuter
645 2875 782 2944 pastores
809 2876 905 2943 esset,
933 2866 1001 2941 Cyri
1016 2882 1119 2925 nomeu

91 2950 243 3027 taocepit.
288 2950 357 3012 Mox
370 2967 425 3009 rex
440 2952 515 3009 inter
530 2949 665 3009 ludentes
680 2959 759 3010 sorte
777 2949 908 3010 delectos
924 2943 988 3010 oum
1000 2968 1052 3028 per
1063 2949 1118 3007 las·

119 3032 221 3092 civium
238 3043 424 3093 contumaces
444 3030 572 3109 flagellis
596 3033 768 3109 cecidisset,
790 3052 806 3093 a
827 3033 995 3112 parentibus
1016 3046 1119 3112 puero·

118 3133 179 3174 rum
195 3117 327 3193 querella
341 3118 407 3192 regi
423 3116 536 3191 delata,
562 3114 773 3192 indignantibus
790 3135 805 3176 a
822 3135 910 3176 servo
932 3110 1016 3193 iegio
1040 3117 1120 3191 inge·

90 3207 192 3262 anuos
213 3198 342 3259 homiues
363 3199 519 3260 seruilibus
540 3199 711 3260 uerberibus
731 3201 878 3261 adfectos:
907 3201 958 3261 ille
979 3200 1122 3258 arcessito
1193 3227 1195 3232 ·

117 3299 209 3360 puero
233 3291 263 3342 et
284 3284 479 3361 interrogato,
508 3299 571 3341 eum
587 3284 657 3343 nibil
676 3293 783 3345 mutato
804 3285 883 3343 vultu
904 3285 1013 3344 iecisse
1037 3299 1070 3340 se
1092 3289 1123 3338 ut

116 3382 219 3440 regem
232 3365 443 3444 respondisset,
460 3365 615 3425 admiratus
630 3369 817 3428 constantiam
829 3369 857 3426 in
869 3367 1035 3426 memoriam
1046 3380 1121 3423 som·

89 3446 156 3507 Anii
170 3448 363 3525 responsique
373 3458 546 3508 revocatur.
576 3449 675 3527 Atque
691 3452 729 3511 ita
747 3468 810 3509 cum
821 3460 850 3511 et
861 3450 956 3510 vultus
968 3445 1122 3509 similitudo
