2442 3975
144 200 205 262 138
512 211 767 260 nnooneouenr
967 206 1133 264 xmae

138 375 203 426 toto
226 379 350 443 corpore
373 365 592 442 conprehensus
613 382 667 441 per
687 380 787 423 omues
808 381 916 423 nervos
932 365 1134 445 articulosque

141 466 240 508 umore
259 446 400 525 pestilera
422 457 572 526 grassante
590 447 670 505 velut
691 448 827 507 intestino
847 448 1025 524 singulorum
1041 468 1131 509 mem·

110 532 257 596 sbrorum
281 528 361 589 bello
383 531 602 608 inpugnabatun
646 528 692 587 Ex
715 549 771 607 qua
793 530 1000 607 desperatione
1022 531 1130 592 bellum

139 617 214 674 inter
232 613 320 672 lilium
340 623 535 691 nepotemque
557 613 621 671 eius
642 630 761 688 regnum
782 614 837 672 iam
854 615 935 690 quasi
949 616 1053 674 mortui
1069 618 1130 675 vin·

140 695 298 762 dicentibus
326 697 434 754 oritur:
470 697 570 754 occiso
598 695 658 754 lilio
692 713 813 771 regnum
844 712 937 773 nepos
965 701 1129 775 occupavit.

111 777 232 856 sigitur
246 778 444 855 Agathocles,
470 796 533 837 oum
553 778 646 838 morbi
667 796 735 838 cura
750 780 901 855 aegritudo
918 781 1036 855 gravior
1051 791 1132 841 esset

140 872 169 922 et
184 865 259 921 inter
273 879 308 919 sc
321 861 441 919 alterum
457 861 575 920 alterins
593 861 669 920 malo
682 872 849 937 cresceret,
865 862 1030 939 desperatis
1042 863 1131 923 rebus

139 962 260 1004 uxorem
287 961 365 1002 suam
388 943 553 1003 Thexenam
580 946 754 1021 genitosque
781 962 819 1002 ex
841 962 876 1004 ea
896 945 968 1004 duos
990 947 1131 1022 parvulos

141 1029 300 1088 cumomni
327 1029 450 1104 pecunia
474 1036 503 1086 et
529 1027 637 1104 familia
659 1027 812 1104 regalique
837 1029 1043 1103 instrumento,
1073 1043 1131 1106 quo

139 1119 259 1188 praeter
282 1109 360 1168 illum
383 1126 472 1168 nemo
499 1128 599 1186 regum
627 1109 713 1169 ditior
741 1110 810 1184 fuit,
842 1110 962 1173 navibus
987 1111 1131 1188 inpositos

138 1193 321 1271 Aegyptum,
349 1192 425 1250 unde
452 1209 573 1250 uxorem
599 1202 773 1270 acceperat,
802 1192 921 1251 remittit
946 1193 1067 1268 timens,
1093 1213 1131 1253 ne

110 1276 318 1353 tpraedonem
338 1275 422 1350 regni
444 1275 488 1332 sui
511 1273 625 1333 hostem
647 1284 823 1352 paterentur.
844 1275 1039 1353 Quamquam
1058 1294 1131 1335 uxor

140 1358 186 1417 din
205 1374 242 1415 ne
266 1356 302 1415 ab
325 1374 415 1432 aegro
437 1357 628 1416 divelleretur
647 1359 805 1435 deprecata
828 1367 888 1433 est,
919 1376 957 1417 ne
982 1358 1131 1421 discessus

138 1458 208 1499 suus
230 1431 344 1515 adiurigi
366 1442 480 1517 nepotis
503 1440 665 1537 parricidio·
683 1450 788 1517 posset
802 1450 831 1499 et
846 1450 902 1499 tam
921 1451 1041 1500 cruente
1057 1441 1131 1500 haec

139 1522 307 1582 deseruisse
339 1523 429 1580 uirum
462 1540 545 1600 quarn
573 1522 665 1581 ille
656 1541 835 1601 inpugnasse
860 1542 944 1582 avum
969 1525 1129 1583 videretur.

111 1605 283 1671 &Nubcndo
306 1622 339 1663 se
359 1621 416 1663 non
440 1623 603 1684 prosperae
621 1615 743 1679 tantum,
769 1607 822 1666 sed
837 1608 928 1666 omnis
944 1607 1098 1667 iortunae
1089 1625 1130 1666 rn-

137 1691 198 1752 isse
213 1689 398 1764 societatem,
421 1706 476 1747 nec
491 1690 607 1747 invitam
622 1690 753 1766 periculo
771 1690 888 1767 spiritus
903 1691 946 1748 sui
962 1699 1130 1768 cupieram,

138 1781 168 1830 ut
180 1780 326 1830 extremos
337 1771 390 1829 viri
402 1772 520 1849 spiritus
532 1772 684 1849 exciperet
692 1773 746 1849 [et]
757 1780 787 1830 ut
799 1775 983 1849 exequiarum
993 1773 1130 1847 officium,

137 1856 166 1913 in
182 1854 259 1932 quod
275 1853 408 1931 proiecta
423 1873 456 1913 se
472 1872 555 1913 nemo
574 1855 611 1912 sit
627 1853 837 1927 successurus,
854 1855 997 1932 obsequio
1014 1855 1130 1915 debitae

110 1950 128 2003 9
141 1939 258 2017 pietatis
268 1937 407 2014 inpleret.
438 1936 632 1997 Discedentes
645 1937 757 2015 parvuli
772 1936 862 1997 flebili
881 1937 987 1997 ululatu
1003 1938 1132 2015 amplexi

138 2031 249 2099 patrem
267 2021 416 2087 tenebant;
442 2038 480 2079 ex
496 2021 586 2080 altera
601 2030 684 2098 parte
694 2036 775 2080 'uxor
789 2023 917 2080 maritum
934 2037 992 2078 non
1006 2022 1132 2097 amplius

138 2105 235 2163 visura
256 2103 365 2162 osculis
390 2103 537 2180 fatigabat.
570 2103 635 2162 Nec
656 2105 748 2163 minus
770 2104 848 2163 senis
860 2103 996 2162 lacrimae
1010 2105 1130 2162 misera-

96 2201 130 2251 to
141 2187 214 2247 biles
231 2195 321 2245 erant.
352 2185 474 2246 Flebant
489 2185 517 2244 hi
533 2188 703 2246 morientem
722 2196 848 2265 patrem,
869 2185 920 2245 ille
936 2185 1038 2245 exules
1057 2187 1129 2245 libe·
1211 2250 1220 2269 ‚

137 2287 202 2328 ros:
223 2268 251 2327 hi
272 2269 403 2328 discessu
420 2286 472 2328 suo
489 2269 673 2329 solitudinem
690 2271 795 2348 patris,
820 2271 901 2346 aegri
918 2271 1013 2345 senis,
1035 2269 1085 2328 ille
1101 2272 1132 2328 in

95 2366 128 2423 11
142 2370 223 2429 spem
243 2352 326 2427 regni
349 2360 505 2430 susceptos
528 2353 652 2429 relinqui
672 2354 700 2412 in
723 2360 855 2428 egestate
879 2351 1009 2428 lugebat.
1051 2351 1131 2411 lnter

138 2436 212 2494 haec
234 2437 316 2510 regia
342 2437 432 2493 omnis
453 2435 651 2495 adsistentium
672 2436 787 2494 fletibus
802 2443 859 2493 tam
876 2434 1003 2493 crudelis
1017 2436 1131 2495 discidii

95 2529 130 2581 12
141 2516 249 2594 inpleta
270 2517 435 2577 resonabat.
474 2517 600 2577 'landem
623 2519 707 2577 linem
731 2518 858 2577 lacrimis
881 2520 1044 2577 necessitas
1060 2535 1130 2595 pro·

137 2601 272 2659 fectionis
293 2601 421 2676 inposuit
436 2608 464 2658 et
477 2616 555 2659 mors
570 2603 650 2677 regis
663 2601 890 2678 proficiscentes
906 2599 981 2658 lilios
998 2602 1131 2661 insecuta

95 2694 130 2746 13
143 2692 196 2742 est
228 2683 301 2741 Dum
322 2683 395 2741 haec
418 2692 555 2758 aguntur,
580 2681 835 2760 Carthaginienses
857 2684 981 2759 cognitis
1004 2702 1078 2761 quae
1101 2684 1132 2741 in

138 2766 237 2825 Sicilia
264 2763 443 2851 agebantur,
475 2767 660 2836 occasionem
685 2768 774 2825 totius
802 2765 913 2824 insulae
939 2766 1130 2842 occupandae

138 2848 230 2907 datam
246 2848 302 2906 sibi
317 2848 515 2908 existimantes
523 2867 635 2924 magnus
648 2848 756 2908 viribus
769 2865 805 2907 eo
819 2849 953 2907 traiciunt
965 2849 1130 2926 multasque

138 2932 270 2990 civitates
287 2930 432 3006 subigunt.

111 3024 126 3076 1
202 3014 231 3074 3.
261 3012 305 3073 llo
328 3022 459 3093 tempore
495 3022 525 3073 et
549 3013 657 3089 Pyrrus
686 3014 826 3073 adversus
846 3012 994 3071 Romanos
1021 3012 1132 3072 bellum

109 3096 279 3174 igerebat‚
307 3098 355 3175 qui
372 3096 532 3175 inploratus
554 3114 569 3156 a
585 3096 727 3155 Siciliain
743 3096 895 3169 auxilium,
919 3097 1004 3154 sicuti
1023 3096 1132 3155 dictum

138 3189 201 3257 est,
223 3199 286 3240 cum
302 3182 462 3254 Syracusas
479 3180 623 3256 venisset,
638 3197 691 3238 rex
706 3179 822 3238 Siciliae
839 3180 913 3236 sicut
928 3178 1009 3255 Epiri
1026 3178 1130 3255 appel-

112 3262 225 3326 itlatur.
260 3263 387 3335 Quarum
410 3280 505 3321 rerum
526 3261 665 3321 felicitate
688 3263 779 3321 laetus
795 3259 908 3319 Heleno
935 3261 994 3319 lilio
1011 3259 1131 3319 Siciliae

137 3346 217 3403 velut
232 3348 337 3404 avitum
352 3346 432 3420 (nam
450 3353 603 3423 susceptus
621 3363 658 3403 ex
673 3345 729 3402 lilia
749 3343 921 3418 Agathoclis
938 3344 1017 3419 regis
1036 3342 1128 3417 erat),

112 3424 308 3486 anterranum
330 3435 424 3485 autem
439 3426 540 3486 ltaliae
557 3445 678 3502 regnum
693 3426 826 3486 destinat.
863 3424 934 3485 Post
949 3426 1023 3485 haec
1041 3425 1131 3483 multa
