2442 3975
147 183 191 245 58
379 199 382 206 ’
535 192 643 253 nacor
657 193 788 242 aonam
996 156 1180 241 vrno—-o'

151 349 257 409 iratres
272 348 346 423 duc,
379 364 468 423 reges
488 346 646 422 Thraciae,
678 362 736 405 uon
761 346 1004 423 contemplatione
1025 348 1150 407 iustitiae

54 440 62 455 ·
152 434 232 507 eius,
254 431 446 492 sedinvlcem
460 437 641 504 metuentes,
665 447 703 487 ue
718 429 838 490 alterius
857 429 966 489 viribus
981 430 1150 506 accederet,

110 515 392 612 todisceptationqm
418 529 532 571 suarum
562 512 687 571 iudicem
715 512 869 589 eligerent.
912 513 972 573 Sed
1001 512 1166 590 Philippus·

151 614 234 658 more
251 598 359 673 ingenii
376 597 420 655 sui
442 595 478 655 ud
492 596 627 655 iudicium
641 594 732 655 veluti
752 596 787 655 ad
807 596 917 656 bellum
937 595 1149 675 inopinantibus

151 681 290 747 iratribus
315 682 454 739 instructo
482 679 612 738 exercitu
635 681 804 756 supervenit
828 696 979 758 regnoque
1000 687 1150 758 utrumque

152 782 210 824 non
225 763 327 823 iudicis
342 779 441 837 more,
458 761 511 822 sed
526 761 629 820 fraude
644 761 765 822 latronis
781 779 817 821 ac
829 763 946 822 scelere
963 761 1109 841 spoliarit.

124 859 140 910 1
215 848 244 905 4.
267 845 585 922 Dumhaecaguntur,
607 843 697 920 legati
716 843 934 909 Atheniensium
950 853 1084 923 petentes
1101 861 1150 922 pa-

122 940 219 993 acam
234 929 270 988 ad
289 947 353 988 eum
371 936 520 988 venerunt.
553 925 664 1000 Quibus
679 927 782 986 auditis
799 936 828 987 et
850 928 915 1005 ipse
930 929 1045 1004 legatos
1061 927 1151 986 Athe·

152 1031 204 1072 nas
222 1029 286 1071 cum
301 1013 382 1089 pacis
398 1010 618 1071 condicionibus
633 1011 723 1070 misit:
739 1008 836 1088 ibique
853 1028 891 1070 ex
906 1011 1058 1071 commodo
1074 1019 1151 1069 utro·

122 1108 275 1175 :trumque
296 1113 355 1172 pax
371 1094 457 1154 lacta
498 1092 543 1152 Ex
563 1094 672 1152 ceteris
689 1108 806 1172 quoque
827 1088 969 1154 Graedae
989 1093 1173 1185 civitatibus·

123 1189 211 1242 4non
226 1180 307 1257 pacis
324 1194 439 1250 amore,
461 1176 514 1235 sed
536 1175 608 1234 belli
629 1183 707 1237 metu
724 1176 887 1252 legationes
908 1194 1034 1241 uenere:
1041 1176 1159 1254 siqui.

155 1262 219 1321 dem
242 1259 464 1319 crudescente
456 1276 498 1318 rra
518 1257 651 1317 Thessali
672 1257 844 1337 Boeotiique
867 1268 965 1331 orant,
992 1266 1023 1316 ut
1038 1259 1153 1336 proles·

121 1357 216 1407 saum
241 1341 380 1402 adversus
403 1340 572 1401 Phocenses
592 1340 696 1399 ducem
721 1339 863 1407 Graeciae
891 1340 1042 1407 exhibeam
1073 1348 1154 1402 tauto

154 1425 222 1484 odio
241 1424 432 1484 Phocensium
448 1421 601 1497 ardentes,
622 1432 652 1481 ut
676 1422 758 1485 obliti
774 1423 897 1483 cladium
916 1442 1031 1483 suarum
1054 1426 1153 1502 perire

154 1508 210 1586 ipsi
227 1524 311 1584 quam
326 1523 383 1565 non
398 1506 529 1583 perdere,
539 1522 594 1565 eos
608 1514 832 1584 praeoptarent,
858 1516 1068 1585 expertamque
1089 1505 1153 1567 Phi·

153 1591 226 1668 lippi
252 1589 452 1650 crudelitatem
461 1588 528 1666 'pati
550 1605 635 1667 quam
655 1606 778 1666 parcere
799 1589 931 1649 hostibus
952 1592 1011 1649 suis
1025 1589 1152 1649 mallent.

123 1671 263 1743 oCcntra
286 1672 477 1743 Phocensium
499 1671 588 1748 legati
606 1671 739 1732 adhibitis
758 1672 998 1733 Lacedaemoniis
1019 1681 1048 1731 et
1063 1671 1152 1730 aroe-

153 1755 303 1815 aiensibus
319 1754 430 1815 bellum
444 1755 693 1832 deprecabantur,
720 1757 801 1816 cuius
818 1757 853 1816 ab
870 1773 906 1817 eo
922 1756 1086 1816 dilationem
1107 1763 1159 1812 ter

123 1841 210 1904 aiam
225 1848 363 1901 emerant.
394 1837 524 1909 Foedum
538 1854 660 1916 prorsus
677 1840 926 1916 miserandumque
943 1837 1154 1917 spectaculum,

155 1921 305 1983 Graeciam
327 1922 411 1981 etiam
426 1939 502 1981 nunc
523 1931 552 1981 et
571 1922 681 1981 viribus
702 1932 732 1981 et
749 1922 887 2000 dignitate
910 1921 989 1981 orbis
1013 1931 1155 1980 terrarum

155 2007 331 2086 principem,
359 2024 459 2083 regum
476 2014 567 2065 certe
594 2007 780 2084 gentiumque
808 2023 925 2084 semper
948 2005 1097 2064 victricem
1125 2012 1156 2062 et

154 2089 305 2149 multarum
326 2089 419 2148 adhuc
439 2088 552 2148 urbium
575 2090 716 2149 dominam
741 2090 844 2149 alienis
868 2086 1015 2147 excubare
1035 2085 1154 2146 sedibus

120 2181 206 2237 saut
219 2180 381 2269 rogantem
386 2171 493 2231 bellurn
509 2180 557 2232 aut
575 2172 796 2249 deprecantem
819 2173 848 2231 in
862 2171 982 2231 alterius
997 2187 1056 2248 ope
1071 2185 1155 2247 spem

157 2272 270 2315 omnem
297 2255 433 2332 posuisse
451 2253 532 2313 orbis
559 2263 700 2315 terrarum
720 2254 868 2329 vindices,
896 2269 991 2331 eoque
1009 2251 1156 2312 discordia

156 2355 208 2397 sua
225 2337 417 2414 civilibusque
432 2337 520 2398 bellis
536 2337 690 2413 redactos,
708 2347 739 2397 ut
754 2337 905 2397 adulentur
919 2335 995 2395 ultro
1011 2333 1156 2393 sordidam
1173 2350 1186 2370 ’

125 2420 244 2498 opaulo
266 2428 331 2479 aute
354 2420 510 2480 clientelae
529 2431 600 2480 snae
622 2432 746 2499 partem;
777 2420 896 2479 ethaeo
911 2417 1091 2496 potissimum
1113 2415 1156 2475 iu·

158 2520 227 2562 cere
248 2502 404 2563 Thebanos
422 2502 747 2581 Lacedaemoniosque,
776 2510 861 2561 antea
881 2503 957 2560 inter
978 2517 1012 2559 se
1030 2500 1156 2577 imperii,

115 2597 233 2650 lonunc
259 2584 400 2646 Graeciae
431 2588 599 2664 imperantis
627 2586 768 2646 aemulos.
808 2583 958 2663 Philippus
985 2584 1058 2642 inter
1082 2582 1158 2641 haec

157 2668 353 2729 venditatione
374 2668 488 2766 gloriae
514 2686 584 2728 suae
598 2673 740 2730 tantarum
762 2667 874 2728 urbium
897 2666 1043 2727 fastidium
1068 2666 1158 2741 agitat

114 2762 264 2850 llatque
258 2761 339 2812 utros
354 2752 451 2830 potius
471 2751 605 2828 dignetur
630 2751 772 2812 aestimat
806 2751 955 2811 Secreto'
946 2751 1034 2828 rgitur
1055 2748 1157 2808 auditis

156 2836 287 2913 utrisque
313 2834 510 2910 legationibus
538 2835 583 2894 his
604 2837 718 2895 reniam
740 2834 812 2895 belli
838 2832 1043 2913 pollicetur,
1035 2848 1097 2891 rure
1116 2830 1156 2888 iu·

157 2919 247 2979 rande
264 2918 374 2979 adactis
394 2907 566 2994 responsum
580 2919 687 2977 nemim
680 2918 883 2996 prodituram
899 2916 958 2976 illis
976 2923 1076 2974 contra
1088 2930 1157 2971 ven-

157 3010 252 3061 turum
273 3019 306 3060 se
325 3001 519 3079 auxiliumque
536 3000 675 3059 laturum:
706 3009 848 3078 utrosque
869 3007 948 3059 vetat
968 3013 1072 3095 parare
1094 2994 1158 3055 bel-

115 3084 214 3148 lhlum
243 3093 291 3145 aut
320 3094 461 3144 metuere
506 3083 557 3143 Sic
572 3085 683 3143 variato
715 3098 860 3163 responso
887 3081 999 3140 securis
1023 3071 1158 3137 bmnibus

158 3166 416 3243 Thermopylarum
431 3167 578 3243 angustias
594 3161 729 3244 occupat

130 3263 163 3315 1
221 3252 251 3310 5.
278 3248 359 3309 Tunc
380 3250 499 3327 primum
524 3248 693 3310 Phocenses
717 3259 819 3327 captos
845 3242 878 3307 se
904 3246 1006 3306 fraude
1033 3243 1158 3320 Philippi

127 3332 419 3393 adnimadvertentes
446 3331 552 3409 trepidi
580 3332 616 3391 ad
647 3349 725 3391 arma
754 3331 930 3407 confugiunt.
978 3327 1036 3389 Sed
1062 3343 1157 3404 neque

158 3415 280 3492 spatium
307 3423 369 3474 erat
395 3414 554 3473 instruendi
579 3414 651 3482 belli
675 3431 731 3473 nec
760 3422 873 3491 tempus
898 3412 934 3473 ad
961 3408 1159 3473 contrahenda
