2442 3975
97 180 225 233 -xxaa
337 162 340 168 ’
441 188 533 237 urar.
547 189 749 240 anrmuerr.
1035 177 1098 239 125

108 357 198 399 versu
213 357 229 398 a
246 341 354 398 ceteris
367 355 511 398 armorum
525 338 639 415 babitu,
656 342 759 401 eximia
775 344 967 418 magnitudine
984 350 1014 401 et
1024 341 1098 401 albis

108 425 192 500 equis
215 431 245 480 et
267 423 413 480 coccineis
436 422 646 499 paludamentis
662 441 792 500 pugnare
806 426 861 483 visi
878 434 942 484 snut
954 441 1009 486 uec
1025 425 1098 484 ultre

80 512 319 582 ‚apparueruut,
336 521 421 581 quam
437 513 592 580 pugnatum
606 513 660 564 est
693 504 773 566 llaac
789 507 1003 566 admirationem
1019 507 1124 571 auxit9

108 585 286 646 incredibilis
309 586 401 666 famae
422 585 575 645 velocitas.
605 586 677 646 Nam
700 589 801 649 eadem
818 589 881 664 die,
905 607 960 667 qua
974 589 1002 646 in
1016 587 1098 648 ltalia

108 676 265 747 pugnatum
287 660 346 741 est,
369 677 398 726 et
414 666 556 728 Corintho
570 678 600 727 et
616 657 737 729 Athenis
753 680 783 730 et
797 670 1015 731 Lacedaemone
1029 688 1098 729 nun·

108 753 178 809 tiata
193 758 239 808 est
253 745 409 808 victoria·

173 833 204 891 4
230 831 299 891 Post
322 833 396 891 lraec
418 830 657 892 Crotoniensibus
676 835 754 893 nulla
776 836 888 894 uirtutis
909 823 1080 893 exercitatio
1088 846 1122 910 ,1

108 915 186 974 nulla
199 913 341 973 armorum
356 933 423 974 cura
436 916 498 974 init.
521 914 649 975 Oderaat
653 918 735 994 enim
749 934 824 1014 quae
835 917 990 976 infeliciter
1001 934 1096 994 sump·
1107 926 1124 977 2

109 1007 224 1072 serant,
251 1005 467 1075 mutassentque
495 1001 592 1057 sitam
603 975 728 1074 lunaria,
751 1000 779 1057 ni
794 998 978 1075 Pythagoras
1005 999 1098 1076 plrilu·

109 1080 218 1158 sophus
245 1079 358 1141 inisset.
412 1079 467 1138 llic
493 1080 571 1145 Sami
596 1081 634 1139 de
658 1080 802 1140 llarmaco
832 1081 981 1159 locuplete
1006 1093 1126 1157 nego-3

101 1165 214 1222 ‘tiature
247 1170 329 1220 natus
359 1164 531 1238 magnisque
560 1165 719 1239 sapientiae
747 1165 931 1223 incrementis
960 1165 1099 1223 tornatus
1160 1193 1161 1196 ¹

108 1244 274 1321 Aegyptum
294 1245 405 1322 primo,
428 1261 497 1303 mox
516 1244 665 1319 Babylona
686 1246 723 1304 ad
742 1247 954 1323 perdiscendos
975 1246 1099 1306 siderum
1206 1287 1208 1289 -

107 1337 202 1388 motus
225 1328 424 1404 originemque
448 1327 545 1386 mnndi
572 1329 758 1404 spectandam
786 1330 938 1406 proiectus
963 1346 1098 1388 summam

107 1410 256 1469 seientiam
279 1418 452 1468 consecutus
473 1419 544 1469 erat.
579 1409 648 1470 lude
663 1428 817 1487 regressus
835 1410 950 1472 Cretam
966 1421 995 1471 et
1009 1411 1127 1472 Lace-4

107 1492 248 1552 daemona
273 1491 309 1550 ad
336 1493 557 1567 cognoscendas
581 1491 686 1552 blinois
714 1503 743 1552 et
769 1493 895 1570 Lycurgi
926 1494 1039 1553 inclitas
1065 1510 1100 1551 ea

107 1582 281 1649 tempestate
309 1573 394 1648 leges
424 1574 622 1634 contenderat.
660 1574 771 1645 Quibus
791 1575 922 1633 omnibus
943 1577 1124 1638 instructus5

109 1653 237 1714 Crotona
250 1656 329 1712 venit
342 1655 537 1734 populumque
549 1657 578 1714 ia
588 1655 728 1715 luxuriam
739 1657 851 1733 lapsum
863 1660 1034 1716 auctoritate
1047 1674 1099 1716 sua

109 1738 144 1797 ad
162 1754 243 1820 usum
257 1736 428 1812 frugalitatis
443 1739 602 1796 revocavit.
636 1737 783 1798 Laudabat
798 1740 1052 1799 cotidie'virtutem
1069 1744 1126 1804 eta

108 1821 176 1879 vitia
196 1819 326 1879 luxuriae
347 1835 503 1896 casumque
521 1820 676 1879 eivitatium
692 1838 726 1879 ea
739 1831 826 1899 peste
841 1821 1016 1899 perdituram
1032 1839 1099 1880 enu-

107 1903 238 1962 merabat
257 1911 422 1978 tantamque
438 1902 559 1961 studium
574 1901 610 1961 ad
624 1903 817 1977 frugalitatem
832 1902 1016 1962 multitudiuis
1030 1914 1124 1981 pro—t

107 1986 240 2060 vucavit,
261 1995 292 2044 nt
311 1984 424 2062 aliquos
449 2005 487 2045 ex
508 1985 553 2044 his
574 1985 733 2045 luxuriatos
755 1985 927 2046 incredibile
941 1986 1100 2046 videretur.

108 2068 301 2129 Matronamm
316 2085 432 2146 quoque
448 2076 612 2146 separatam
624 2087 640 2127 a
654 2070 722 2126 viris
735 2069 894 2128 doctrinam
905 2078 934 2128 et
945 2079 1126 2146 pnerunme
1190 2074 1197 2095 '

108 2171 125 2212 a
140 2151 308 2230 parentibus
322 2151 492 2248 frequenter
506 2151 615 2211 habuit
638 2150 773 2211 Docebat
785 2170 861 2210 nnuc
872 2152 924 2211 bas
935 2152 1127 2227 pudicitian9

109 2244 142 2294 et
153 2233 318 2311 obsequia
310 2251 337 2292 ιιι
351 2235 448 2311 viros,
464 2234 539 2292 nuno
556 2233 624 2292 illos
639 2235 807 2294 modestiam
824 2243 853 2293 et
868 2234 1026 2293 litteramm
1042 2241 1100 2293 stu·

105 2319 193 2377 dium.
239 2315 317 2374 luter
344 2315 418 2374 baec
444 2317 523 2376 uelut
547 2318 726 2392 genetricem
750 2319 884 2376 virtutum
905 2316 1097 2392 frugalitatem
1108 2329 1144 2379 10
1203 2360 1206 2365 ·

108 2399 238 2459 omnibus
261 2391 415 2473 ingerebat
435 2408 675 2477 consecutusque
691 2400 911 2477 disputationum
927 2398 1097 2459 adsiduitate
1110 2411 1141 2465 ll

109 2492 186 2558 etat,
209 2490 239 2541 ut
260 2491 408 2541 matronae
430 2490 544 2542 auratas
562 2490 663 2540 vestes
684 2491 842 2558 ceteraque
864 2482 1011 2558 dignitatis
1030 2500 1100 2541 suae

108 2573 273 2624 ornamenta
290 2565 572 2625 uelutinstuunaenta
588 2564 719 2623 luxuriae
735 2564 915 2642 deponerent
933 2582 1028 2642 eaque
1039 2580 1099 2624 om·

108 2647 265 2707 nia-delata
279 2649 308 2704 in
324 2645 439 2707 lunonis
455 2648 558 2707 aedem
573 2648 631 2724 ipsi
647 2648 721 2708 deae
738 2656 960 2721 consecrarent,
977 2665 1050 2723 prae
1063 2665 1097 2704 se
1110 2656 1143 2708 12

108 2731 238 2788 terentes
253 2746 323 2787 vera
341 2738 506 2790 ornamenta
520 2738 712 2789 matronarum
726 2732 908 2808 pudicitiam,
929 2746 985 2787 nun
1000 2737 1100 2786 restes

111 2830 187 2872 esse.
229 2810 261 2870 ln
283 2812 427 2871 iuventute
450 2830 567 2890 quoque
588 2823 723 2890 quantum
744 2815 924 2890 profligatum
948 2812 999 2883 sit,
1015 2811 1097 2867 vuicti
1109 2821 1143 2874 13

108 2896 275 2955 feminarum
292 2904 477 2954 contumaces
492 2895 575 2953 animi
591 2895 784 2956 manifestant.
807 2894 867 2954 Sed
880 2890 955 2951 CCC
965 2910 1003 2949 ex
1018 2893 1144 2955 iure-14

109 2979 192 3038 nibus
208 2995 271 3036 cum
294 2975 426 3039 sodalicii
441 2980 502 3036 iure
517 2987 701 3038 sacramento
717 2978 840 3055 quodam
856 2975 922 3032 nexi
940 2982 1101 3048 separatam

109 3062 246 3121 acetaris
270 3060 382 3120 civibus
396 3062 482 3119 vitam
501 3070 691 3134 exercerent,
716 3061 798 3136 quasi
816 3066 929 3118 coetum
946 3055 1099 3129 clandesti-

108 3162 162 3203 nae
186 3144 390 3202 coniurationis
421 3143 596 3215 haberent,·
613 3144 757 3202 civitatem
778 3142 806 3199 in
828 3157 862 3197 se
884 3146 1099 3212 converterunt,

108 3244 183 3302 quae
200 3242 263 3296 eos,
281 3242 343 3282 eum
358 3228 386 3284 in
398 3243 480 3285 unam
494 3225 608 3283 domum
622 3226 837 3296 convenissent,
853 3238 984 3279 cremare
997 3220 1096 3279 voluit.
1110 3233 1142 3285 15

109 3307 141 3367 ln
162 3323 219 3383 qno
242 3306 361 3365 tumultu
386 3310 536 3384 sexaginta
558 3307 649 3365 lerme
673 3308 803 3383 periere:
827 3305 917 3364 ceteri
938 3303 966 3360 in
983 3303 1098 3361 exilium
1111 3313 1143 3366 16

110 3391 246 3469 proiecti.
275 3387 453 3464 Pythagoras
465 3398 560 3449 autem
575 3406 639 3447 cum
657 3404 747 3448 annos
763 3386 818 3446 XX
834 3384 963 3444 Crotone
978 3387 1097 3462 egisset,
1110 3395 1142 3450 17
