2442 3975
137 235 175 292 10
519 244 556 292 lu
576 244 710 293 menon
731 245 765 291 11.
826 205 828 208 ¹

133 410 174 460 est
180 443 186 470 ‚
211 419 294 474 quarn
316 407 406 458 tamen
427 402 579 459 absimiles
599 405 705 459 litteras
723 404 836 476 facilius
851 410 915 475 post
932 405 997 462 Niio
1017 406 1149 461 excidere

130 488 253 558 potuisse
270 492 359 557 patet:
390 490 430 542 sic
448 486 486 542 II
505 494 535 552 9.
557 494 591 547 17
615 504 723 544 manum
741 489 845 544 cncidit
853 496 921 559 post
941 506 1020 561 quam
1090 506 1147 550 non

133 588 219 644 posse
240 571 332 627 videri
355 571 441 627 Duco.
475 588 527 627 nee
547 577 633 643 posse
654 572 745 628 videri
763 572 799 628 E.
826 589 879 628 nea
896 574 988 645 possit
1005 574 1096 630 videri
1119 574 1146 628 Β

134 652 248 729 (videre
266 650 303 729 G)
366 656 488 712 ultimam
503 655 583 711 Dueb
595 656 657 710 EF.
684 656 774 713 ultera
792 656 819 710 B
841 653 903 729 (int.
919 660 965 714 lin.
983 658 1086 731 ultia).
1102 659 1147 713 ui-

133 740 198 795 timn
214 739 249 794 R.
291 739 493 812 Praeterquam
515 739 589 811 quod
607 754 699 795 uocem
719 740 774 797 coli
796 754 834 795 aa
855 741 917 795 dett.
940 742 1020 799 codd.
1042 744 1145 812 recepi,

132 821 372 892 inconsistent,
392 829 423 879 ut
442 826 471 879 in
488 825 594 894 optimis
611 825 688 879 tibris
708 839 773 879 nass.
794 830 879 879 catat.
916 824 1054 881 Sententia
1074 826 1146 881 baec

132 921 192 962 esse
210 908 332 963 uidetur:
360 907 522 980 Aegyptum,
539 922 610 980 quae
627 909 761 963 aduersus
775 909 827 962 aim
841 911 1039 965 incurrentium
1055 926 1145 982 aqua-

132 1008 195 1046 rum
208 991 322 1046 molibus
340 997 366 1047 et
379 992 463 1063 fossis
477 994 515 1046 ita
529 994 632 1047 mnnita
646 994 693 1060 sit,
713 998 744 1047 ut
759 998 848 1047 tamen
869 995 924 1048 nisi
935 995 1001 1049 locis
1014 994 1048 1049 ab
1062 996 1143 1052 inun-

131 1075 239 1130 datione
258 1075 314 1129 Nili
326 1078 389 1130 tutis
404 1075 526 1131 babimri
536 1092 592 1131 non
605 1077 727 1146 patuerit
744 1091 796 1131 nec
810 1079 912 1146 possit,
932 1078 1021 1133 cistere¹
1032 1085 1144 1148 postre-

131 1176 205 1214 mam
219 1160 323 1214 incolas
336 1160 463 1215 habuisse
526 1176 597 1231 qnae
618 1160 849 1229 aggerationibus
869 1162 955 1233 Bana.
986 1178 1057 1233 quae
1073 1178 1142 1231 age-

131 1242 324 1300 nerntionibus
339 1245 371 1300 A.
396 1261 467 1315 quae
477 1244 523 1300 vei
539 1241 599 1318 (vel
613 1246 641 1298 in
656 1245 714 1300 loco
729 1241 810 1318 raso)
826 1261 841 1299 a
856 1246 1093 1314 generationebus
1110 1246 1141 1299 G.

133 1345 159 1398 q.
176 1328 443 1398 exaggerationibus
458 1328 493 1382 E.
518 1345 544 1398 q.
559 1345 574 1383 a
590 1328 820 1398 generationibus
831 1327 859 1382 Β
876 1325 1056 1401 (exaggerat.
1073 1330 1100 1386 D
1115 1332 1142 1383 in

132 1413 237 1485 marg.)
296 1413 444 1468 trahentes
460 1412 485 1466 A
549 1408 570 1483 ὃ
585 1417 618 1467 21
638 1409 772 1485 Scythae]
789 1412 922 1481 seyebiae
940 1418 965 1469 A

196 1490 223 1549 2.
247 1492 268 1566 ὅ
284 1501 298 1553 l
317 1502 345 1551 et
360 1496 394 1550 ab
411 1494 501 1551 altero
513 1496 593 1566 Bona
606 1494 694 1549 ΒΕΖ.
718 1503 746 1550 et
756 1495 847 1551 om.R
907 1497 1038 1569 Rhipaeis
1054 1496 1139 1552 Duab.

132 1580 220 1652 ripeis
235 1579 268 1634 E.
291 1579 373 1634 riieis
388 1579 446 1634 DL.
470 1579 596 1655 riphaeis
614 1578 655 1633 M.
683 1579 791 1650 ripheis
806 1579 834 1635 Β
909 1583 993 1638 ithasi
1011 1580 1145 1637 ABCGM

132 1661 233 1738 (yth).
257 1661 377 1735 phusiR
439 1660 569 1734 §sonis
585 1664 746 1718 Acarnan
760 1681 809 1735 pr.
875 1664 1079 1736 nequeenimA

130 1748 208 1804 sedis
223 1748 248 1801 A
261 1762 336 1802 corr.
351 1763 388 1800 m.
398 1763 445 1817 pr.
511 1745 562 1819 §4
580 1747 681 1818 quibus
700 1747 787 1803 coriis
803 1748 882 1820 Bona
895 1748 974 1804 Dueb
987 1750 1057 1806 Dete.
1080 1750 1141 1820 qui-

130 1833 182 1888 bus
202 1847 254 1885 on.
269 1830 296 1884 Β
320 1826 411 1902 (coris
427 1831 467 1899 A,
486 1831 537 1886 sed
549 1832 668 1886 alteram
683 1832 692 1886 i
706 1830 865 1905 superscr.)
930 1835 1092 1903 hiemesque
1106 1835 1138 1888 A.

132 1914 283 1985 Scripsisse
302 1914 423 1970 uidetur:
451 1914 479 1970 iu
497 1915 630 1989 plaustris
649 1917 752 1972 vehunt
767 1916 855 1971 coriis
870 1917 997 1973 imbrium
1008 1933 1140 1972 -causa

130 1999 223 2056 tectis.
258 2000 295 2055 lis
316 2015 368 2071 pro
388 1999 516 2056 domibus
537 2006 650 2056 utuntur
718 1998 940 2072 §iniusticiad
999 2002 1139 2072 geutesA

191 2080 246 2155 §6
267 2085 329 2139 sine
352 2089 427 2140 tecto
448 2083 671 2155 munimentoque
693 2085 772 2157 Bang
791 2084 870 2140 Dneb
886 2086 957 2142 Deo.
993 2086 1053 2142 siue
1072 2085 1140 2139 tecti

129 2167 297 2224 munimento
320 2167 347 2222 Β
368 2165 496 2241 (monim.
515 2170 556 2235 A,
576 2170 627 2224 sed
645 2186 661 2224 v
683 2183 746 2239 sup.
766 2165 799 2241 ο)
866 2177 989 2226 armenta
1010 2169 1138 2224 alimenta
1160 2234 1162 2239 Ι

128 2250 221 2307 ΑΒΜ.
251 2268 318 2306 arm.
342 2258 370 2306 et
391 2250 519 2307 alimento
543 2252 575 2308 G.
605 2270 671 2308 arm.
697 2252 883 2324 alimentaque
904 2256 933 2310 C.
961 2253 1089 2309 alimenta
1111 2252 1139 2307 Β

130 2334 198 2411 (om.
226 2331 366 2408 armenta)
450 2334 516 2405 quid
543 2336 616 2392 inter
642 2337 729 2392 siivas
761 2341 838 2392 esset
866 2338 898 2392 L.
938 2337 1003 2408 quid
1032 2337 1139 2392 salvum

129 2425 206 2475 esset
226 2419 263 2474 D.
299 2419 364 2489 quid
388 2418 461 2474 inter
485 2420 572 2477 silvas
601 2422 708 2476 salvum
732 2426 808 2476 essct
828 2421 862 2478 F.
899 2421 966 2492 quid
987 2420 1061 2476 inter
1087 2421 1137 2475 sil·

128 2519 177 2559 vas
194 2504 358 2574 superesset
377 2502 404 2557 R
466 2500 487 2575 ὃ
502 2507 517 2562 7
536 2521 591 2560 non
607 2504 724 2576 perinde
743 2519 776 2558 ae
792 2504 843 2559 rei.
859 2504 978 2561 ABGM.
1007 2520 1061 2559 non
1077 2521 1138 2575 per.

128 2603 162 2643 no
178 2586 202 2642 si
220 2587 271 2644 rel.
291 2585 319 2640 0.
351 2602 404 2641 non
428 2604 489 2659 per.
503 2590 694 2660 'aspernantur
715 2603 748 2643 aa
771 2588 824 2643 rei.
839 2588 873 2645 E.
902 2588 1020 2660 perinde
1040 2604 1139 2659 asper-

128 2677 227 2726 nantur
242 2685 275 2725 uc
287 2670 339 2725 rei.
352 2670 468 2726 DaebR
532 2669 553 2744 ὃ
569 2678 586 2732 9
600 2667 648 2744 iis]
669 2671 712 2726 eis
721 2671 753 2729 L.
776 2672 829 2740 bys
842 2671 882 2726 M.
904 2672 948 2728 bis
965 2672 991 2727 R
1055 2686 1139 2726 uran-

127 2751 182 2829 tur}
199 2757 349 2809 utanturA
418 2754 540 2827 pellibus
556 2761 660 2810 tautum
673 2755 752 2811 Dueb
766 2755 825 2811 ot.
857 2756 978 2828 pellibus
994 2762 1084 2811 tamen
1100 2755 1137 2809 Β.

125 2838 205 2897 Haec
220 2841 359 2908 scriptura
374 2854 430 2894 non
444 2838 676 2893 est-satticitanda.
722 2839 844 2895 Vestibus
857 2841 923 2895 tana
943 2839 1074 2911 consectis
1088 2856 1137 2910 op-

120 2927 265 2992 ponuntur
281 2923 372 2994 peiles
383 2921 491 2994 singula
503 2922 625 2977 menbra
638 2939 694 2978 non
705 2936 791 2995 aeque
800 2929 925 2996 tepentes.
955 2922 1074 2995 Scythae
1088 2926 1139 2995 igi·

124 3012 187 3074 tur,
201 3009 324 3078 quamuis
337 3007 472 3062 continuis
482 3003 635 3078 frigoribus
645 3013 781 3074 urantur,
799 3013 888 3067 tamen
898 3008 1016 3078 pellibus
1029 3009 1047 3061 i.
1060 3022 1084 3065 e.
1099 3009 1137 3063 te·

123 3092 199 3146 aiore
213 3096 362 3163 tegumento
376 3092 419 3144 uti
430 3088 573 3160 dicuntur,
587 3107 644 3147 non
658 3091 775 3147 aestibus
789 3093 856 3146 lana
866 3091 1012 3164 constetit,
1031 3091 1071 3146 ad
1082 3089 1138 3163 fri·

123 3189 176 3247 gns
195 3175 397 3247 defendendum
419 3174 576 3242 aptioribus.
618 3174 661 3246 Cf.
681 3174 759 3231 Caes.
775 3175 811 3231 B.
830 3176 861 3231 G.
877 3176 929 3231 1V
946 3183 979 3242 l,
1002 3182 1036 3233 lo
1055 3181 1138 3245 atque

125 3258 153 3314 in
169 3274 229 3314 eam
247 3276 278 3315 se
293 3256 522 3314 consuetudinem
537 3258 730 3329 adduxerunt,
747 3265 777 3315 ut
791 3259 864 3315 iocis
882 3258 1074 3329 frigidissimis
1088 3275 1138 3314 ne-

125 3357 179 3413 que
195 3342 313 3398 vestitus
332 3346 445 3412 praeter
462 3341 553 3413 peiles
569 3343 691 3398 habeant
707 3342 869 3413 quiequam,
890 3360 1004 3414 quarum
1021 3347 1138 3414 propter

124 3425 307 3496 exiguitatem
322 3440 420 3495 magna
436 3432 481 3480 est
495 3426 625 3497 corporis
641 3442 708 3497 pars
724 3432 836 3497 aperta,
852 3432 880 3482 et
895 3426 1022 3482 inventur
1037 3425 1065 3481 in
1086 3425 1139 3481 flu·

123 3509 253 3565 minibus.
281 3507 446 3564 Aduerbium
460 3515 579 3577 tantum,
593 3509 669 3581 quad
684 3509 853 3575 dandarum,
873 3508 995 3567 sotis'ex
1008 3512 1071 3582 ipssa
1087 3511 1141 3566 Ioci
