2442 3975
92 221 134 275 ιιι
144 224 198 276 ot
431 208 523 277 insu.
541 230 634 277 eme.
651 230 742 278 ιιιιι.
1050 219 1088 278 71

96 391 180 443 cente
204 383 280 442 milia
300 383 419 443 militum
442 381 541 455 luere,
564 397 639 458 quae
662 396 721 442 non
740 384 832 441 ιὶιιιι
854 391 916 442 arte
930 381 1091 443 Alexandri

94 484 179 545 quam
200 468 303 525 virtute
324 463 514 524 Macedonum
531 474 667 541 superata
691 474 775 542 terga
795 475 963 525 verterunt.¹
986 464 1090 542 blegne

94 551 192 626 itaque
206 547 315 607 coedes
330 546 481 606 Persarum
502 546 564 606 luit.
599 546 645 606 De
661 550 793 607 exercitu
810 547 969 609 Alexandri
985 565 1088 609 novero
1100 559 1134 612 lu

94 631 225 709 pedites,
243 639 356 691 centurn
371 628 426 689 XX
442 631 554 707 equites
572 631 725 690 cecidere:
749 648 823 709 quos
841 648 896 689 rex
911 631 1033 707 inpense
1053 631 1090 691 ad
1100 642 1134 694 13

95 724 261 774 ceterorum
287 713 451 790 exemplum
480 713 613 773 humatos
641 715 743 773 statuis
766 712 950 791 equestribus
976 712 1092 775 donavit

94 799 286 873 cognatisque
302 811 402 855 eorum
422 798 614 855 immunitates
629 796 727 858 dedit·
749 797 819 856 Post
833 797 984 855 victoriana
999 795 1091 879 maior
1099 806 1134 859 14

93 895 163 956 pars
178 880 267 937 Asiae
283 878 319 937 ad
333 895 398 936 eum
415 879 533 937 deiecit.
565 879 662 939 Gessit
684 889 713 938 et
728 879 812 956 plura
831 878 911 938 bella
929 896 992 937 curn
1007 890 1132 956 prae-15

93 962 181 1021 lectis
198 961 304 1035 Darei,
327 977 400 1037 quos
417 962 472 1020 iam
492 978 550 1021 uon
564 970 620 1020 tam
638 963 724 1020 armis
740 979 823 1038 quam
838 969 953 1021 terrere
969 962 1090 1020 nominis

95 1045 140 1102 sui
153 1044 233 1102 vicit.

158 1127 186 1183 7.
216 1124 290 1183 Dum
315 1125 388 1184 baec
412 1135 549 1200 aguntur,
571 1128 685 1184 iuterim
710 1127 815 1186 iudicio
838 1128 943 1204 captivi
966 1126 1002 1185 ad
1023 1139 1115 1189 euml

95 1209 225 1267 deiertur
239 1208 358 1267 insidias
374 1208 401 1266 ei
418 1206 454 1266 ab
469 1207 637 1267 Alexandro
653 1209 865 1284 byncietarum‚
883 1227 995 1286 genero
1007 1208 1088 1268 Auti-

94 1293 185 1370 patri,
205 1292 252 1369 qui
273 1290 459 1369 praepositus
480 1290 670 1351 Macedoniae
686 1301 771 1367 eret,
797 1294 901 1370 parari.
938 1291 982 1350 Ob
1003 1301 1118 1369 quereb

94 1392 209 1434 causam
235 1375 353 1449 timens,
379 1392 415 1432 ne
439 1375 502 1451 quis
524 1375 679 1434 interiecto
701 1391 739 1434 eo
760 1377 789 1433 iu
808 1374 980 1435 Macedonia
994 1385 1089 1435 motus

95 1459 235 1532 oriretur,
261 1458 290 1515 iu
309 1456 431 1515 vinculis
449 1475 514 1515 eum
535 1457 643 1517 babuit.
673 1458 742 1517 Post
756 1458 830 1517 baec
846 1457 974 1517 Gordiou
988 1459 1118 1520 urbem3

94 1541 183 1618 petit,
205 1557 282 1617 quae
299 1541 394 1618 posita
417 1549 463 1598 est
481 1540 555 1599 iuter
568 1541 721 1618 Phrygiam
736 1543 873 1599 maiorem
889 1548 918 1598 et
931 1542 1088 1598 minorem:

94 1624 176 1682 cuius
193 1622 273 1681 urbis
289 1623 443 1700 potiundae
460 1639 517 1681 nou
535 1633 592 1682 tam
606 1632 728 1701 propter
747 1621 883 1700 praedam
900 1621 1005 1698 cupido
1022 1630 1117 1682 euml

94 1707 189 1782 cepit,
213 1707 265 1765 sed
288 1705 365 1783 quod
388 1705 519 1765 audierat
534 1708 563 1764 iu
583 1724 618 1765 ea
639 1704 711 1765 urbe
731 1706 885 1783 intemplo
901 1703 1088 1781 lovlsiugum

78 1788 192 1848 ·Gordii
204 1790 344 1865 positum,
362 1791 443 1847 cuius
457 1806 561 1847 nexum
576 1791 600 1848 si
616 1791 679 1867 quis
694 1788 851 1864 solvisset,
868 1806 933 1847 euru
947 1796 1008 1846 tota
1019 1787 1089 1845 Asia

94 1881 277 1946 regnaturum
298 1873 415 1948 antiqua
437 1873 555 1931 oracula
580 1873 734 1931 cecinisse.
769 1871 858 1930 Huius
882 1872 925 1929 rei
948 1887 1035 1929 causa
1058 1877 1116 1932 ete

94 1957 178 2030 origo
195 1954 246 2014 illa
260 1954 320 2013 fuit.
343 1951 466 2014 Gordius
482 1972 546 2013 cum
560 1957 589 2013 iu
605 1954 650 2014 his
666 1954 834 2031 regionibus
852 1953 945 2013 bubus
961 1951 1086 2012 conduc·

92 2039 130 2095 tis
147 2046 258 2112 araret,
279 2054 350 2096 aves
365 2033 429 2095 eum
445 2040 536 2096 omnis
550 2039 669 2114 generis
685 2037 895 2098 circumvolare
916 2043 1085 2114 coeperunt.

93 2119 245 2179 Proiectus
266 2121 300 2179 ed
322 2119 517 2179 consulendos
538 2138 665 2198 augures
686 2121 798 2179 vicinae
822 2120 901 2180 urbis
921 2121 1035 2180 obviam
1059 2120 1115 2183 ine

93 2212 178 2280 porta
201 2201 301 2261 babuit
324 2203 466 2279 virginem
489 2203 612 2263 eximiae
637 2203 870 2281 pulchritudinis;
900 2211 1087 2281 percontatus

94 2303 157 2344 eam
164 2302 272 2363 ‚quem
285 2285 464 2362 potissimum
478 2303 616 2361 augurem
628 2287 812 2346 consuleret
827 2287 877 2346 illa
893 2286 986 2346 audite
1000 2294 1115 2348 causei

94 2367 280 2443 consulendi,
303 2385 393 2444 guara
414 2370 483 2427 artis
505 2386 543 2426 ex
562 2363 716 2447 disciplina
738 2379 902 2447 pareutum,
919 2385 1039 2445 reguum
1058 2369 1086 2427 ei

93 2451 226 2548 portendi
244 2451 411 2529 respondit,
439 2451 653 2529 polliceturque
676 2470 709 2511 se
732 2462 761 2511 et
781 2453 951 2512 matrimonii
969 2461 1000 2511 et
1021 2453 1086 2529 spei

94 2535 213 2593 sociam.
244 2533 313 2593 'l'aru
328 2534 450 2611 pulchra
465 2535 598 2594 condicio
617 2537 705 2612 prima
722 2536 807 2612 regui
823 2536 949 2595 felicitas
965 2534 1115 2598 videbe-8

92 2625 147 2676 tur.
175 2615 244 2675 Post
258 2619 372 2694 nuptias
393 2618 467 2676 inter
481 2616 611 2694 Phrygas
633 2627 705 2677 orta.
716 2619 821 2678 seditio
842 2628 896 2678 est
923 2617 1083 2678 Consulen·
1096 2616 1119 2691 ἦ

91 2698 169 2757 tibus
185 2698 222 2757 de
238 2698 294 2757 bue
310 2699 518 2759 discordiarum
537 2701 667 2760 oracula·
679 2702 892 2779 responderunt
912 2717 1014 2776 regem
1027 2700 1086 2758 dir-

94 2780 203 2845 cordiis
223 2797 297 2857 opus
318 2798 395 2839 esse
430 2781 548 2843 Iterato
560 2785 766 2861 quaerentibus
789 2786 825 2845 de
847 2800 974 2882 persona
991 2782 1128 2857 regis‚ll

92 2862 228 2922 iubentur
253 2880 318 2921 eum
338 2882 440 2939 regem
462 2865 638 2942 observare,
666 2885 751 2945 quem
775 2869 888 2926 reversi
913 2866 1032 2943 primum
1058 2865 1086 2921 iu

91 2946 231 3023 templum
251 2944 330 3005 lovis
351 2956 465 3020 euntem
491 2949 621 3026 plaustro
645 2952 854 3028 repperissent.
896 2947 1005 3006 Obvius
1030 2946 1129 3009 illis12

92 3028 216 3088 Gordius
233 3029 300 3105 luit,
326 3021 479 3110 statimque
494 3050 571 3092 eum
575 3045 676 3110 regem
695 3033 886 3093 consalutant.
917 3021 972 3089 Ille
989 3029 1131 3105 plaus-13

92 3121 181 3188 num,
203 3131 261 3191 quo
281 3115 397 3174 vehenti
417 3133 536 3191 reguum
557 3117 682 3176 delatum
700 3116 809 3190 iuerat,
830 3112 986 3189 intemplo
1002 3111 1087 3171 lovis

91 3198 215 3272 positum
230 3197 372 3257 maiestati
395 3200 496 3274 regiae
512 3199 706 3269 consecravit.
737 3197 807 3256 Post
826 3197 902 3255 bunc
918 3195 995 3254 filius
1009 3193 1087 3255 biuda
1095 3204 1131 3259 14

91 3281 237 3355 regnavit,
254 3297 302 3357 qur
295 3280 349 3339 ab
366 3280 485 3358 Orpheo
497 3298 647 3342 sacrorum
660 3279 848 3342 sollemnibus
860 3279 985 3338 initiatus
998 3277 1086 3351 Plarv·

89 3362 166 3436 giam
176 3362 368 3438 religionibus
378 3364 515 3441 inplevit,
528 3364 631 3444 quibas
646 3364 735 3424 tutior
746 3363 822 3422 omui
836 3363 895 3421 vite
905 3378 990 3439 quam
1001 3360 1087 3420 ernis

91 3443 151 3503 luit
189 3445 280 3523 Igitur
300 3444 470 3508 Alexander
496 3456 581 3524 capta
604 3445 678 3505 arbe
706 3464 769 3506 oum
794 3447 823 3510 in
848 3445 985 3525 tenplum
1009 3442 1132 3509 lovislo
