2442 3975
109 232 288 287 xxxma
458 244 548 290 nrsr.
565 244 660 290 narn.
676 244 766 290 artu.
972 286 976 293 ,
1040 232 1098 293 195

110 396 196 454 citum
220 405 314 473 esset,
336 398 417 473 quasi
436 394 568 460 Parthica
591 396 683 473 ipsius
704 414 738 455 ac
759 396 856 454 fratris
879 396 972 474 bella,
997 396 1128 474 quibust

108 478 184 537 alter
205 483 325 555 captus,
348 478 423 550 alter
448 480 565 536 occisus
589 487 668 550 erat,
695 495 839 555 prospere
862 481 1036 551 cessissent,
1061 482 1100 538 ita

98 561 247 639 ‘Aegypto
269 561 382 625 bellum,
399 561 506 619 inferre
523 562 635 631 statuit,
663 578 782 636 regnum
797 561 927 637 Aegypti
943 559 1099 638 Cleopatra

82 716 86 722 Δ
108 659 197 701 socru
213 644 335 719 pretium
347 644 444 701 auxilii
459 642 600 702 adversus
618 643 735 701 tratrem
750 662 831 701 suum
846 644 1015 720 pollicente.
1041 644 1129 705 Sede

109 725 176 783 dum
194 725 288 783 aliena
304 725 445 800 adfectat,
469 734 498 782 ut
514 725 630 783 adsolet
650 725 727 800 lieri,
750 728 870 802 propria
887 744 940 803 per
958 725 1099 785 deiectio·

89 826 173 865 nem
191 808 293 881 Syriae
316 809 425 887 amisit,
442 807 583 884 siquidem
599 803 819 867 Antiochenses
830 811 911 887 primi
933 809 1006 868 duce
1029 808 1099 880 Try·

109 889 216 967 phone,
230 894 403 948 execrantes
414 889 579 967 superbiam
595 892 690 968 regis,
709 908 782 967 quae
798 893 1020 951 conversatione
1032 890 1099 949 Par·

109 973 206 1031 thicae
226 973 403 1041 crudelitatis
421 972 611 1031 intolerabilis
626 974 702 1032 iacta
719 984 797 1049 erat,
812 991 880 1033 mox
894 974 1035 1052 Apameni
1051 954 1106 1032 (D

108 1064 250 1131 teraeque
271 1057 405 1114 civitates
424 1055 587 1131 exemplum
606 1064 795 1133 secutaeper
811 1057 968 1115 absentiam
985 1059 1065 1132 regis
1082 1072 1098 1114 a

108 1137 258 1197 Demetrio
277 1139 425 1217 deiecere.
455 1137 638 1197 Ptolemaeus
655 1155 772 1216 quoque
787 1157 839 1197 rex
855 1140 1001 1216 Aegypti,
1020 1138 1130 1197 bellot

108 1220 144 1278 ah
173 1221 277 1279 eodem
300 1223 422 1298 petitus,
450 1239 513 1279 oum
541 1222 729 1297 cognovisset
758 1221 942 1299 Cleopatram
966 1238 1117 1280 sororem¹

107 1321 187 1361 suam
216 1305 320 1381 opibus
337 1305 466 1381 Aegypti
486 1303 606 1363 navibus
627 1304 759 1381 inpositis
778 1306 813 1364 ad
835 1306 919 1364 liliam
942 1314 972 1363 et
992 1303 1097 1362 Deme·

107 1387 190 1443 trium
205 1405 344 1462 generum
361 1388 390 1445 in
407 1388 518 1460 Syriam
537 1387 715 1464 profugisse,
735 1389 845 1446 inmittit
861 1390 993 1446 iuvenem
1009 1404 1096 1463 quen·

108 1468 172 1526 dam
190 1469 381 1545 Aegyptium,
401 1469 550 1528 Protarchi
571 1471 763 1546 negotiatoris
781 1471 884 1543 lilium,
908 1472 956 1546 qui
978 1486 1098 1544 regnum

108 1551 212 1622 Syriae
231 1553 314 1610 armis
331 1562 454 1628 peteret.
488 1550 647 1628 Conposita
664 1551 776 1624 fabula,
796 1553 879 1628 quasi
899 1570 953 1628 per
968 1551 1127 1628 adoptio-5

108 1649 173 1689 rtem
189 1631 323 1691 Antiochi
347 1635 426 1709 regis
444 1642 582 1711 receptus
599 1636 628 1691 in
643 1634 779 1691 familiam
802 1635 912 1709 regiam
931 1643 1025 1708 esset,
1043 1650 1098 1690 nec

108 1716 190 1788 Syris
207 1715 364 1790 quemlihet
377 1734 477 1792 regem
485 1715 717 1792 aspernantibus,
730 1734 767 1774 ne
780 1714 919 1797 Demetrii
933 1714 1097 1792 superbiam

109 1806 287 1877 paterentur,
305 1803 410 1856 nornen
422 1800 521 1856 iuveni
544 1798 707 1857 Alexandri
723 1799 868 1876 inponitur
883 1799 1045 1879 auxiliaque
1062 1795 1096 1854 ab

109 1881 247 1957 Aegypto
258 1883 383 1957 ingentia
393 1883 545 1961 mittuntur.
561 1880 675 1939 Interea
685 1898 790 1961 corpus
800 1881 936 1940 Antiochi
951 1879 1125 1939 interiectio

108 1982 124 2024 a
145 1970 216 2041 r'ege
239 1964 407 2024 Parthorum
427 1964 455 2021 in
470 1962 568 2046 loculo
587 1973 727 2040 argenteo
752 1963 787 2023 ad
807 1969 982 2042 sepulturam
999 1965 1027 2021 in
1043 1963 1095 2035 sy·

108 2049 178 2106 riam
194 2050 342 2106 remissum
358 2049 506 2125 pervenit,
526 2046 603 2123 quod
617 2049 725 2123 ingenti
741 2049 834 2107 studio
851 2049 994 2106 civitatum
1007 2055 1036 2104 et
1052 2040 1110 2102 re·'

107 2131 153 2205 gis
166 2129 324 2189 Alexandri
337 2130 372 2188 ad
385 2130 605 2189 confirmandam
618 2130 734 2190 fabulae
747 2131 830 2190 iidem
843 2131 995 2206 excipitur.
1014 2128 1096 2200 Quae

61 2281 72 2298 .
107 2230 157 2270 res
173 2212 214 2271 illi
229 2232 360 2289 maguum
374 2212 504 2272 favorem
519 2214 700 2290 popularium
715 2214 878 2272 conciliavit
893 2211 1023 2271 omnihus
1039 2228 1095 2268 non

108 2296 189 2354 [ictas
208 2297 235 2354 in
257 2314 311 2371 eo,
336 2296 389 2355 sed
405 2313 491 2354 veras
513 2296 646 2355 lacrimas
663 2296 900 2355 existimantibus.
930 2294 1122 2368 Demetrius?

108 2388 203 2437 autem
228 2382 321 2438 victus
343 2379 379 2439 ab
401 2378 589 2454 Alexandro,
621 2398 684 2438 cum
701 2378 826 2456 undique
845 2376 1093 2437 circumstantibus

106 2463 190 2521 malis
210 2465 407 2539 premeretur,
430 2461 465 2521 ad
483 2471 663 2560 postremum
693 2461 833 2521 etiam'ab
857 2479 948 2520 uxore
968 2461 1093 2537 liliisque

108 2546 261 2604 deseritur.
295 2546 425 2605 Relictus
450 2547 536 2621 igitur
553 2562 616 2603 cum
638 2547 738 2623 paucis
761 2544 885 2603 servulis
909 2562 971 2604 cnm
988 2544 1123 2617 'Pyrum8

108 2627 251 2702 religione
265 2649 298 2687 se
314 2629 412 2705 templi
426 2627 598 2687 defensurus
608 2630 745 2706 petisset,
758 2630 821 2686 navi
838 2628 993 2709 egrediens
1010 2642 1092 2702 prae·

108 2709 180 2767 lecti
197 2711 275 2769 iussu
301 2712 478 2769 interficitur.
515 2711 599 2770 Alter
617 2730 654 2770 ex
676 2711 758 2785 tttts,
781 2711 938 2782 Seleucus,
962 2709 1121 2786 quoniam9

108 2793 170 2849 sine
189 2796 285 2851 matris
301 2795 472 2852 auctoritate
488 2793 619 2853 diadema
635 2797 821 2871 sumpsisset,
838 2793 873 2851 ab
889 2792 991 2850 eadem
1007 2790 1092 2846 iuter·

108 2874 223 2942 licitur;
252 2876 347 2954 alter,
375 2877 420 2934 cui
447 2886 569 2952 propter
595 2880 657 2935 nasi
682 2876 903 2952 magnitudinem
931 2888 1093 2946 cognomen

108 2956 224 3035 Grypos
248 2959 315 3034 luit,
340 2977 393 3018 rex
413 2975 429 3016 a
452 2968 541 3016 matre
563 2959 701 3018 hactenus
725 2957 920 3030 constituitur,
938 2962 968 3011 ut
989 2969 1093 3012 nomen

106 3044 187 3117 regis
208 3061 299 3120 penes
321 3042 421 3117 filiurn,
440 3042 483 3099 ius
504 3051 598 3100 autem
620 3042 712 3101 omnis
733 3039 844 3116 imperii
868 3054 958 3114 penes
973 3045 1091 3095 matrem

107 3132 197 3182 esset.

169 3206 198 3263 2.
220 3207 278 3265 Sed
297 3206 464 3267 Alexander
487 3216 630 3284 occupato
649 3206 751 3280 Syriae
770 3220 879 3279 regno,
899 3212 1008 3261 tumens
1027 3210 1117 3260 suc-l

108 3305 194 3346 cessu
209 3307 320 3363 rerum,
339 3308 478 3365 spernere
494 3293 549 3347 iam
565 3292 650 3347 etiam
666 3291 758 3365 ipsum
776 3287 986 3359 Ptolemaeum,
1006 3301 1091 3362 aquo

108 3369 280 3430 subomatus
296 3373 323 3430 in
338 3390 457 3449 regnum
473 3374 582 3447 fuerat,
597 3371 723 3449 superba
738 3347 890 3429 insolentia
906 3370 1012 3448 coepit.
1037 3366 1120 3428 lta-2

108 3472 166 3531 que
180 3453 363 3514 Ptolemaeus
376 3454 565 3514 reconciliata
581 3455 691 3514 sororis
702 3455 793 3529 gratia
804 3453 954 3597 destppere
966 3453 1090 3511 Alexan·

914 3544 928 3580 ᾳ
