2442 3975
86 229 126 282 xl
138 231 180 282 12.
193 230 225 283 to
432 236 524 285 aaran.
544 237 638 284 annu.
658 236 748 284 naun.
1027 221 1078 282 ru

87 387 146 448 Sed
168 388 336 448 Alexander
357 391 480 465 pretium
500 389 675 466 captivarum
689 406 809 465 reguum
830 403 931 464 croue,
954 405 1012 447 non
1028 396 1107 464 pol

86 474 198 529 mnam
213 473 302 547 petit..
323 469 480 530 Interiecto
497 479 633 547 tompore
652 472 726 533 aliae
740 470 882 549 epistulae
901 468 990 529 Darei
1008 469 1107 532 Ala-3

86 554 196 612 xandro
208 553 380 628 redduntur,
400 552 503 631 quibus
518 554 595 612 liliae
617 555 823 614 matrimonium
841 561 870 611 et
884 554 967 627 regni
982 553 1077 629 portio

86 636 215 695 offertur.
250 636 311 695 Sed
331 635 500 696 Alexander
524 654 577 695 sna
600 637 656 696 sibi
679 638 740 697 dari
762 636 914 712 rescripsit
938 636 1108 710 iussitquel

86 719 249 795 supplicem
274 720 393 792 uenire,
415 721 498 794 regni
520 718 637 779 arbitria
661 721 764 779 victori
784 718 963 796 permittere.
999 715 1106 779 'iunco

86 818 141 877 spe
158 805 239 878 pacis
253 802 358 860 amissa
372 801 481 861 bellurn
491 801 604 861 Dareus
615 811 732 880 reparat
746 811 775 861 et
789 818 852 860 cum
864 799 1079 878 quadringentis

85 883 201 942 milibus
217 883 360 961 peditum,
380 894 494 944 centnm
510 883 625 944 milibus
640 886 766 962 equitum
784 884 897 944 obuiam
915 882 993 942 vadit
1007 881 1078 940 Ale·

86 965 207 1024 xandrc.
224 965 256 1024 ln
270 967 372 1026 itinere
388 970 530 1026 nuntiatur
540 984 662 1026 uxorem
674 968 739 1028 eius
752 985 789 1026 ex
801 965 960 1026 conlisioue
973 964 1107 1026 abiectio

86 1057 187 1124 partus
201 1048 379 1126 decessisse,
394 1052 515 1127 eiusque
531 1059 653 1110 mortens
664 1051 868 1110 inlacrimatum
885 1048 1078 1107 Alexandrum

86 1132 286 1208 exequiasque
305 1124 445 1210 benigne*
458 1143 660 1212 prosecutum,
688 1134 775 1212 idque
798 1150 862 1191 enm
884 1149 941 1191 non
960 1131 1078 1203 amoris,
1103 1140 1108 1143 “

87 1214 140 1274 sad
164 1214 346 1275 humanitatis
378 1234 464 1275 causa
495 1218 612 1276 iecisse.
656 1216 729 1277 Nam
757 1216 849 1277 semel
880 1224 986 1274 tautum
1016 1221 1105 1275 cami

87 1297 256 1357 Alexandro
276 1301 367 1358 visam
386 1317 469 1374 esse,
494 1318 557 1359 curn
574 1309 692 1359 matrem
712 1300 907 1378 parvulaeque
927 1298 1000 1357 filias
1016 1297 1079 1356 eins

86 1380 257 1458 frequenter
274 1382 484 1442 consolaretur.
516 1381 595 1441 Tunc
619 1401 652 1441 se
668 1393 746 1443 ratus
769 1401 841 1442 aere
863 1372 986 1455 victum,
1014 1389 1107 1442 cnm8

87 1472 155 1539 post
176 1464 290 1541 proelia
310 1468 396 1525 etiam
416 1465 566 1524 beneficiis
581 1466 617 1524 ab
634 1466 718 1526 hoste
735 1475 937 1544 superaretur,
954 1473 1078 1540 gratum·

88 1564 145 1623 que
166 1546 220 1605 sibi
242 1564 325 1623 esse,
346 1552 369 1607 si
390 1552 509 1607 vincere
529 1558 671 1627 nequeat,
694 1549 772 1625 quod
796 1567 812 1607 a
834 1549 884 1607 tali
899 1548 1079 1625 potissimum

87 1631 263 1688 vinceretur.
295 1630 402 1690 Scribit
415 1634 513 1709 itaque
529 1640 558 1690 et
573 1631 673 1690 tertias
688 1631 829 1707 epistulas
845 1640 875 1690 et
889 1631 996 1707 gratias
1009 1629 1108 1704 agit,9

88 1712 166 1789 qnod
180 1711 249 1771 nihil
264 1714 292 1770 in
307 1731 377 1773 suos
392 1714 498 1773 hostile
516 1714 629 1774 lecerit.
658 1712 751 1773 Offert
766 1715 870 1775 deinde
891 1723 920 1773 et
940 1713 1077 1772 maiorem
1088 1722 1123 1776 10

88 1803 198 1871 partem
211 1797 295 1872 regni
309 1814 402 1873 nsque
417 1796 584 1873 Euphraten
604 1796 709 1854 llurncu
727 1806 756 1856 et
770 1797 890 1860 alterurn
905 1797 989 1856 liliam
1007 1812 1078 1853 uxo·

88 1894 241 1956 rem,·pro
264 1879 384 1957 reliquis
400 1879 526 1956 captivis
545 1877 629 1937 XXX
648 1879 724 1938 milia
745 1880 892 1939 talentum.
935 1879 981 1941 Ad
1006 1877 1119 1941 baecll

88 1960 254 2023 Alexander
269 1963 424 2038 gratiarum
438 1964 582 2022 actionem
595 1961 633 2021 ab
646 1962 730 2022 lroste
750 1978 996 2040 supervacaneam
1012 1976 1078 2019 esse

87 2044 252 2121 respondit;
275 2063 330 2104 uec
347 2064 362 2104 a
378 2065 412 2105 se
427 2048 578 2123 quicquam
594 2046 700 2105 facturn
722 2047 749 2104 in
770 2047 861 2105 hostis
878 2045 1079 2114 adulationem,
1088 2053 1122 2106 12

86 2145 142 2185 nec
159 2127 236 2205 quod
250 2129 278 2186 iu
294 2128 397 2188 dubios
412 2129 483 2188 belli
497 2132 591 2189 exitus
606 2129 703 2188 autin
724 2129 809 2206 leges
830 2129 912 2206 pacis
927 2126 982 2186 sibi
997 2127 1078 2185 leno-

87 2211 161 2269 cinia
176 2220 346 2287 quaereret;
368 2212 518 2282 sedanimi
534 2211 742 2287 magnitudine,
759 2231 815 2290 qua
828 2212 962 2272 didicerit
977 2210 1123 2272 adver-13

87 2310 149 2352 sum
173 2293 251 2350 vires
276 2294 415 2368 bostium,
441 2310 498 2353 non
520 2295 661 2355 adversus
686 2295 864 2356 calamitates
886 2293 1077 2359 contendere:

87 2375 301 2453 polliceturque
323 2386 534 2454 praestaturum
556 2396 590 2437 sc
607 2395 643 2436 ea
664 2377 779 2453 Dareo,
801 2379 825 2437 si
848 2374 1122 2449 secuudnssibi,14

86 2475 143 2518 nou
161 2476 214 2535 par
231 2459 332 2519 baberi
343 2460 431 2520 velit·
449 2458 585 2520 Ueterum
601 2478 696 2538 neque
713 2462 845 2521 mnndum
860 2478 949 2539 posse
968 2458 1081 2520 duobus
1088 2468 1122 2518 15

86 2540 197 2600 solibus
214 2543 294 2620 regi,
316 2561 371 2602 nec
388 2543 490 2603 orbem
506 2538 684 2603 summa‘duo
700 2563 789 2621 regua
804 2543 887 2604 salvo
899 2552 974 2604 statu
988 2552 1079 2602 terra·

86 2642 148 2681 rurn
170 2623 294 2684 habere:
321 2627 444 2704 proinde
457 2636 505 2685 aut
519 2626 694 2686 deditionem
714 2645 749 2686 ea
766 2627 813 2687 die
828 2637 875 2687 aut
890 2628 917 2685 in
932 2635 1079 2705 posteram
1088 2631 1122 2683 16

87 2706 178 2763 aciem
195 2716 293 2782 paret;
313 2726 369 2767 uec
386 2709 562 2787 polliceatur
578 2709 634 2768 sibi
658 2710 754 2785 aliurn,
768 2728 850 2788 quam
872 2711 908 2769 sit
927 2716 1077 2786 expertus,

85 2789 247 2847 uictoriam.
854 2795 858 2802 '

152 2870 200 2930 tc,
228 2871 349 2931 Postera
377 2872 423 2932 die
444 2875 537 2934 aciem
562 2876 739 2953 producunt:
770 2892 834 2933 curn
861 2881 982 2950 repente
1010 2878 1105 2931 autel

87 2953 230 3031 proelium
244 2956 408 3015 conlectum
423 2958 499 3015 curis
514 2958 710 3017 Alexandrum
724 2973 841 3016 somnus
856 2955 982 3032 arripuit.
1007 2949 1107 3010 Ourna

85 3037 121 3097 ad
136 3054 260 3114 pugnam
276 3038 357 3099 solus
372 3058 426 3100 rex
437 3040 573 3115 deesset,
591 3041 809 3101 al'armenione
822 3055 912 3114 aegro
925 3038 1077 3106 excitatns,
1140 3039 1148 3052 ⁴

79 3122 290 3198 quaerentibus
300 3128 394 3184 somni
407 3140 511 3185 causas
523 3125 655 3184 omnibns
667 3126 742 3183 inter
754 3120 899 3200 pericula,
914 3136 978 3177 cum
994 3117 1079 3176 etiam
1172 3143 1175 3149 Δ

84 3205 113 3261 in
124 3204 183 3262 otio
200 3222 318 3283 semper
332 3209 450 3285 parcior
464 3207 565 3267 luerit:
588 3224 693 3284 magno
709 3207 846 3265 se‘aestu
862 3202 1014 3262 liberatum
1030 3200 1110 3274 ait,3

84 3303 274 3366 somnumque
289 3289 375 3349 sibia
395 3292 547 3368 repentina
568 3292 726 3349 securitate
744 3289 853 3362 datum,
876 3285 953 3364 quod
975 3284 1080 3343 liceret

84 3387 148 3430 cnm
172 3370 304 3431 omnibus
327 3373 416 3432 Darei
441 3375 535 3450 copiis
562 3373 880 3449 confligere-ueritum
906 3368 1080 3443 seiungam

82 3452 154 3514 belli
170 3472 295 3530 moram,
312 3457 337 3516 si
352 3456 459 3516 Persae
475 3459 634 3516 exercitum
649 3455 826 3515 diuisissent.
846 3452 923 3530 Ante
937 3450 1109 3536 proeliuml
