2442 3975
538 220 643 270 raom
662 218 794 266 POMPEI
890 244 895 253 ·
985 211 1079 263 XVIII
1092 213 1117 266 l.
1134 216 1153 264 2

420 459 648 588 nanum
688 483 832 567 XVIII.

118 713 136 764 1
213 703 239 761 1.
264 665 358 778 Igitur
389 702 497 778 Pyrrus
535 719 589 760 rex
613 700 695 778 Epiri
712 717 783 759 vearm
805 697 907 760 iterata
929 700 1149 771 Tarentinorum

146 783 295 862 legatione
310 784 414 844 additis
431 784 595 844 Samnitium
611 793 641 842 et
654 783 834 843 Lucanorum
851 784 1006 860 precibus,
1030 792 1059 843 et
1074 786 1148 863 ipsis

147 867 254 928 auxilio
268 867 409 928 adversus
423 866 579 927 Romanos>
591 865 786 942 indigentibus
808 866 995 942 fatigaretur,
1012 884 1070 926 non
1089 876 1147 927 tam

146 951 308 1028 supplicum
331 950 467 1027 precibus
489 967 572 1027 quam
596 966 651 1026 spe
676 949 829 1008 invadendi
849 948 951 1009 ltaliae
962 950 1085 1028 imperii
1104 951 1146 1009 in·

116 1034 250 1098 aductus
267 1042 416 1093 venturum
438 1050 471 1092 se
495 1049 559 1092 cum
574 1034 707 1091 exercitu
727 1032 892 1109 pollicetur.
937 1033 969 1091 ln
987 1050 1071 1110 quam
1084 1050 1147 1092 rem

146 1116 309 1177 inclinatum
324 1116 417 1175 semel
433 1117 554 1175 animum
567 1115 757 1193 praecipitem
770 1111 861 1191 agere
876 1126 1036 1192 coeperant
1048 1134 1146 1175 exem·
1215 1142 1219 1149 ·

146 1199 195 1278 pla
211 1201 367 1258 maiorum:
389 1216 426 1257 ne
442 1208 489 1258 aut
505 1196 626 1256 inferior
645 1204 749 1275 patruo
769 1214 823 1257 suo
839 1197 1008 1258 Alexandro
1029 1187 1147 1259 uidere·

146 1291 201 1355 tur,
217 1298 275 1360 quo
292 1281 542 1341 defensore‘idem
558 1279 705 1343 Tarentini
724 1281 865 1341 adversus
880 1280 1008 1343 Bruttios
1022 1283 1071 1341 usi·
1083 1281 1145 1341 iuc-

146 1372 226 1438 raat,
250 1371 299 1422 aut
319 1365 447 1422 minores
470 1364 581 1423 animos
597 1380 702 1438 magno
724 1362 893 1423 dier-andro
917 1363 1074 1438 babuisse,
1097 1367 1146 1443 qni

114 1447 307 1522 'stam—longa
329 1445 449 1505 adamo
472 1445 575 1504 militia
594 1447 737 1505 orientem
757 1446 882 1523 subegit.
926 1447 1018 1524 Igitur
1035 1449 1148 1508 'relicto

148 1529 270 1593 custode
286 1531 369 1605 regni
384 1529 554 1589 Ptolemaeo
575 1528 637 1588 lilio
660 1527 752 1588 innoc
766 1528 820 1587 XV
837 1538 906 1590 nato
936 1533 1094 1590 exercitum
1117 1532 1147 1589 in

146 1621 232 1691 portu
248 1611 403 1672 Tarentino
425 1613 561 1690 exponit,
583 1610 697 1681 duali-“aus
720 1612 849 1689 parvulis
874 1613 957 1687 liliis,
975 1612 1146 1673 Alexandro

146 1705 176 1755 et
187 1694 311 1771 llcleuc,
326 1695 354 1752 in
369 1694 479 1755 solacia
493 1695 670 1771 longinquae
682 1712 781 1754 secum
796 1696 991 1773 expeditionis
1002 1697 1144 1756 adductis.

117 1776 237 1841 acutus
251 1776 348 1836 audito
365 1777 489 1837 adventu
506 1777 607 1837 consul
620 1776 766 1836 Romanus
777 1777 913 1837 Valerius
929 1778 1071 1838 laevinus
1086 1778 1146 1837 im·

145 1861 255 1935 tinans,
274 1869 304 1918 ut
318 1862 398 1937 prius
416 1878 479 1922 cum
497 1877 533 1919 eo
550 1860 796 1935 congrederetur,
826 1862 1032 1938 quamauxilia
1049 1863 1145 1921 socio·

118 1957 208 2009 crum
227 1945 430 2019 convenirent,
460 1944 619 2004 exercitum
636 1943 663 2001 in
684 1941 776 2003 aciem
793 1943 898 2003 educit.
929 1942 993 2003 Nec
1009 1961 1082 2018 rex,
1103 1953 1146 2004 ta·

146 2028 230 2087 metsi
250 2044 368 2086 numero
389 2027 507 2086 militum
523 2027 643 2086 inferior
658 2034 755 2099 esset,
778 2027 924 2087 certamini
938 2043 1046 2085 moram
1063 2028 1145 2086 iecit.

116 2111 206 2175 dsed
231 2108 379 2170 Romanos
413 2110 563 2169 vincentes
588 2111 644 2168 iam
667 2110 811 2169 invisitata
831 2117 896 2168 ante
924 2108 1147 2186 elephantorum

145 2194 239 2253 lorma
253 2201 372 2270 stupere
386 2194 490 2270 primo,
508 2209 575 2251 mox
591 2188 698 2251 cedere
711 2193 825 2270 proelio
836 2192 946 2268 coegit,
956 2193 1145 2270 victoresque

118 2277 201 2337 ‘liam
222 2292 298 2334 nora
317 2272 506 2335 Macedonum
524 2284 647 2352 repente
663 2283 790 2333 monstra
805 2275 946 2335 vicerunt.
976 2273 1040 2334 Nec
1054 2276 1145 2335 bosti-

147 2357 201 2417 bus
223 2359 371 2417 incruenta
391 2359 514 2417 victoria
534 2357 596 2417 luit.
638 2355 710 2416 Nam
736 2365 766 2416 et
787 2355 896 2431 Pyrrus
924 2361 990 2437 ipse
1016 2360 1145 2434 graviter

146 2439 312 2499 vulneratus
328 2448 373 2499 ast
388 2450 418 2499 et
433 2458 535 2516 magna
551 2457 620 2518 pars
632 2441 749 2499 militum
760 2440 822 2498 eius
832 2457 931 2515 caesa,
946 2442 1144 2518 maioremque

118 2523 271 2600 egloriam
294 2523 356 2581 eius
372 2523 512 2583 victoriae
528 2540 611 2599 quam
626 2523 762 2582 laetitiam
782 2520 890 2580 babuit.
916 2521 1007 2582 lluius
1029 2539 1145 2601 pugnae
1165 2541 1177 2559 ·

116 2615 280 2670 carentum
302 2604 408 2664 multae
426 2605 560 2664 civitates
580 2614 700 2665 secutae
721 2603 813 2678 Pyrro
842 2619 876 2661 sc
906 2602 1027 2662 traduat
1065 2601 1145 2664 lnt‘er

147 2697 263 2748 ceteras
289 2688 375 2746 etiam
402 2686 487 2748 Locri
508 2689 625 2764 prodito
645 2686 792 2765 praesidio
813 2684 943 2746 Romano
963 2685 998 2744 ad
1022 2683 1144 2758 Pyrrum

101 2771 288 2836 lodeiicinat.
308 2768 353 2829 lla
373 2788 408 2829 ea
426 2769 535 2848 praeda
558 2768 666 2843 Pyrrus
698 2766 747 2828 GC
763 2771 895 2846 captivos
922 2769 1027 2828 militas
1043 2769 1144 2844 gratiis
1164 2798 1165 2801 κ

147 2853 266 2914 Romam
282 2854 402 2928 remisit,
418 2861 448 2910 ut
462 2854 578 2929 cognita
594 2856 699 2911 virtute
716 2855 779 2910 eius
796 2850 917 2911 Romani
930 2859 1145 2926 cognoscerent

102 2949 136 3000 11
145 2939 230 2998 etiam
252 2934 464 2995 liberalitatem.
495 2935 657 2994 lateriectis
670 2934 773 2993 deiude
789 2934 902 3006 diebus,
919 2950 981 3007 cum
997 2935 1144 3003 ¹sociorum

146 3021 294 3080 exercitus
310 3020 539 3095 supervenisset,
558 3019 662 3077 iterato
680 3017 821 3093 proelium
837 3033 900 3074 cum
912 3013 1047 3072 Romanis
1061 3013 1142 3087 iacit,

145 3103 175 3161 in
190 3120 248 3181 que
264 3118 317 3179 par
331 3101 552 3178 fortunapriori
568 3099 648 3159 bello
664 3099 726 3159 luit.

117 3196 134 3248 1
198 3184 231 3261 2.
247 3179 833 3259 lutereallago,duxCarthaginiensium,
848 3180 875 3239 ia
891 3176 1143 3239 auxiliumllama·

145 3284 246 3327 norum
265 3284 329 3325 cum
346 3275 459 3326 centum
471 3263 528 3323 XX
539 3266 660 3324 navibus
677 3265 781 3323 missua
799 3273 929 3324 sanatum
948 3259 1031 3337 adiit,
1053 3277 1144 3335 aegre

145 3349 248 3409 tulisse
271 3346 524 3424 Carthaginienses
544 3347 712 3423 adfirmans,
740 3345 817 3423 quod
840 3346 948 3416 bellum
971 3345 999 3402 in
1022 3342 1104 3405 ltalia
1127 3359 1144 3400 a

114 3440 140 3490 2
150 3430 307 3506 peregrino
333 3429 405 3504 roge
421 3437 597 3506 paterentur.
633 3426 675 3487 Ob
691 3445 774 3504 quam
790 3445 907 3491 causam
922 3428 1039 3491 missum
1053 3444 1098 3500 se,
1114 3433 1145 3483 ut
