2442 3975
86 188 185 245 lo.1o
422 194 727 247 monetaneum.
1051 185 1088 244 11

87 359 215 411 tractare
238 356 324 426 caput
346 347 498 408 dormienti
520 347 615 409 iubet:
639 366 703 409 nam
725 364 811 424 mago
827 346 987 423 cmubyses
1006 365 1091 408 erues

87 443 227 510 utrasque
247 431 439 509 praeciderat.
484 431 592 491 Factus
619 431 686 491 dein
716 448 769 510 per
790 429 876 491 iiliam
899 434 1006 492 certior
1019 432 1091 491 ,sine
1100 439 1135 493 ta

88 516 205 578 auribus
230 532 331 591 regem
359 533 442 591 esse,
470 514 655 592 optimatibus
675 514 828 575 Persarum
852 532 914 573 rem
931 514 1037 574 iudicat
1061 522 1091 573 et

87 604 117 662 in
132 599 250 661 eaedem
274 596 340 657 falsi
358 600 438 674 regis
460 598 591 675 inpulsos
609 599 782 658 sacramenti
796 597 941 674 reiigione
959 596 1084 657 obstrin-

87 687 141 761 git.
185 681 240 741 vti
262 691 367 741 tantum
392 682 501 741 conscii
519 681 602 740 fuere
625 681 707 740 buius
727 681 948 756 coniurationis,
977 682 1024 758 qui
1045 699 1083 739 ex
1096 689 1130 743 19

90 765 258 840 continenti,
274 782 310 823 ne
326 763 393 824 dato
410 767 438 823 in
452 765 656 842 paenitentiam
673 767 769 843 spatio
785 781 834 823 res
852 781 905 841 per
917 781 1088 842 quemquam

88 858 263 922 narraretur,
280 847 427 907 occultato
442 847 495 907 sub
511 856 593 907 veste
609 847 689 907 ferro
706 847 741 907 ad
755 849 866 923 regiam
881 856 1016 926 pergunt.
1045 845 1088 906 lbi
1098 856 1133 908 to

88 933 187 994 obviis
200 931 362 990 interiectis
377 930 413 990 ad
427 948 531 1006 magos
546 931 736 1008 perveniunt,
754 929 914 1009 quibusne
936 932 1007 1008 ipsis
1028 932 1088 1008 qui·

87 1016 153 1076 dem
176 1016 285 1075 animus
307 1016 335 1073 in
357 1013 493 1073 auxilium
516 1015 561 1073 sui
584 1013 691 1089 deicit,
720 1013 860 1092 siquidem
883 1015 985 1073 stricto
1010 1013 1131 1075 ierrotl

88 1100 167 1160 duos*
184 1098 221 1157 de
241 1097 397 1157 coniuratis
419 1098 603 1157 interficiunt.
647 1095 708 1175 Ipsi
729 1107 823 1157 tamen
851 1099 1044 1176 corripiuntur
1074 1105 1132 1156 att

89 1181 234 1263 pluribus:
252 1198 372 1258 quorum
392 1180 513 1240 aiterum
531 1179 664 1253 Gobryas
678 1180 803 1241 medium
818 1181 984 1259 ampiexus,
1002 1197 1088 1239 cunc-

88 1264 213 1327 tantibus
228 1265 325 1340 sociis,
340 1282 376 1323 ne
392 1264 486 1341 ipsum
509 1281 563 1342 pro
585 1281 672 1340 mago
692 1264 922 1339 transfoderent,
947 1265 1013 1341 quia
1039 1279 1089 1321 res

88 1349 216 1410 obscuro
233 1346 299 1407 loco
316 1346 490 1423 gerebatur,
517 1347 564 1406 vel
592 1365 749 1426 persuum
772 1365 880 1426 corpus
901 1347 977 1423 adigi
1001 1362 1087 1422 mago

80 1433 196 1493 ,ferrum
213 1432 311 1490 iussit:
329 1430 443 1490 fortuna
457 1439 553 1490 tamen
567 1430 605 1490 ita
628 1440 751 1508 regente
767 1430 818 1490 ilio
837 1431 972 1490 incolumi
986 1438 1132 1506 magneti»

88 1516 267 1576 interficitur.

152 1598 200 1657 10.
217 1596 330 1657 Occisis
344 1597 437 1673 magis
452 1613 555 1671 magna
572 1596 687 1673 quidem
706 1597 801 1672 gloria
819 1598 984 1675 recuperati
1002 1597 1086 1672 regni
1103 1604 1118 1656 l

88 1683 250 1762 principum
265 1681 334 1755 init,
351 1679 402 1738 sed
419 1679 507 1739 multo
526 1679 618 1738 maior
634 1680 662 1738 in
678 1697 731 1755 eo,
754 1680 848 1758 quod,
866 1697 929 1739 eum
944 1680 1087 1756 de‘regno

88 1764 284 1841 ambigerent,
307 1764 489 1823 concordare
511 1770 675 1840 potuerunt.
725 1763 816 1822 Erant
836 1765 911 1822 enim
934 1765 1038 1823 virtute
1057 1770 1119 1823 eti

88 1848 238 1908 nobilitate
255 1849 292 1907 ita
314 1864 417 1925 pares,
439 1855 468 1905 ut
489 1844 638 1905 difficilem
658 1864 697 1906 ex
715 1846 759 1905 bis
781 1847 891 1925 populo
914 1847 1087 1906 eiectionem

89 1931 248 2009 aequalitas
269 1929 390 1989 iaceret.
434 1929 493 2007 ipsi
516 1929 601 2005 igitur
621 1933 694 1990 viam
715 1931 899 2005 inuenerunt,
922 1948 977 2008 qua
999 1928 1120 1993 deses

88 2016 222 2075 iudicium
237 2014 373 2090 religioni
390 2022 419 2072 et
432 2014 564 2072 fortunae
579 2016 805 2090 committerent,
823 2014 956 2092 pactique
969 2015 1043 2072 inter
1055 2032 1087 2071 se
1101 2022 1119 2074 4

89 2107 164 2173 suut,
181 2106 211 2156 ut
226 2096 271 2155 die
288 2105 390 2156 statuta
402 2114 501 2156 omnes
516 2113 609 2173 equos
619 2106 686 2157 ante
700 2097 809 2173 regiam
822 2098 915 2176 primo
927 2114 1009 2155 mane
1020 2115 1085 2175 per·

30 2181 34 2188 ’
88 2182 244 2254 ducerent,
266 2189 295 2238 et
315 2180 395 2238 euius
408 2198 499 2256 equus
515 2180 588 2241 inter
610 2181 683 2239 solis
706 2190 799 2239 ortum
820 2179 955 2239 hinnitum
979 2182 1087 2258 primus

89 2263 245 2337 edidisset,
267 2264 292 2320 is
305 2280 360 2321 rer
375 2271 464 2321 esset.
506 2261 579 2321 Nam
599 2274 628 2322 et
650 2264 742 2324 selem
765 2263 872 2323 Persae
896 2281 980 2324 uuum
1003 2263 1118 2326 deum5

59 2353 67 2368 ’
89 2365 157 2408 esse
175 2345 295 2405 credunt
310 2354 340 2403 et
357 2362 450 2422 equos
471 2343 565 2404 eidem
585 2346 642 2406 deo
665 2355 797 2407 sacratos
818 2346 923 2406 ierunt.
966 2346 1003 2407 Et
1024 2355 1119 2411 emtb

89 2433 164 2490 inter
177 2430 344 2490 coniuratos
358 2427 478 2504 Dareus,
493 2427 631 2506 Hystaspi
646 2430 732 2505 tilius,
749 2432 794 2489 eui
806 2430 842 2490 de
854 2448 947 2507 regno
959 2430 1087 2490 sollicito

90 2515 156 2590 equi
172 2518 271 2573 custos
291 2515 345 2588 ait,
363 2513 387 2571 si
405 2530 440 2571 ea
459 2530 508 2571 res
525 2513 676 2572 victoriam
694 2522 870 2590 moraretur,
888 2514 957 2573 nihii
977 2515 1085 2591 negotii

89 2609 256 2674 superesse.
290 2596 346 2654 Per
356 2605 471 2654 noctem
484 2593 587 2654 deiude
598 2614 701 2674 equum
715 2596 807 2674 pridie
819 2599 999 2658 constitutam
1011 2598 1086 2657 diem
1101 2606 1117 2659 t

89 2679 124 2740 ad
143 2679 265 2737 eundem
280 2679 376 2738 iocum
391 2679 468 2738 ducit
483 2678 581 2755 ibique
597 2697 690 2757 equae
703 2679 832 2756 admittit,
844 2681 922 2740 intus
935 2700 973 2741 ex
985 2681 1087 2757 volup·

88 2771 148 2823 tate
163 2761 279 2819 veneris
296 2760 418 2819 futurum
435 2761 511 2839 quod
526 2764 632 2820 evenit.
675 2762 795 2823 Postera
818 2764 864 2824 die
887 2766 998 2842 itaque,
1022 2772 1119 2825 comit

6 2899 13 2910 ,
89 2844 126 2904 ad
147 2849 278 2901 statutam
306 2842 406 2901 horem
428 2861 528 2903 omnes
551 2847 773 2922 convenissent,
799 2846 887 2907 Darei
916 2864 1006 2922 equus
1037 2860 1086 2903 oo·

87 2928 170 3004 guito
189 2924 257 2986 loce
274 2945 311 2985 ex
324 2925 470 2985 desiderio
486 2927 610 2986 feminae
623 2928 761 2988 hinnitum
773 2932 866 2990 statim
877 2928 964 2987 edidit
976 2937 1005 2987 et
1018 2945 1085 3001 seg·

87 3011 172 3070 uibus
194 3010 258 3069 aliis
279 3009 352 3068 ieiix
374 3011 532 3087 auspicium
559 3010 675 3071 domino
702 3014 810 3089 primus
837 3012 939 3071 emisit.
996 3010 1119 3072 Tentat)

87 3094 246 3160 moderatio
261 3094 367 3152 ceteris
384 3094 445 3168 init,
461 3103 490 3152 ut
505 3093 602 3153 audito
617 3096 747 3172 auspicio
763 3095 916 3153 confestim
936 3094 1019 3170 equis
1036 3091 1086 3150 de·

87 3177 209 3236 sitierint
239 3185 268 3235 et
295 3176 421 3236 Dareum
447 3194 550 3252 regern
575 3176 772 3237 salutaverint.
816 3174 945 3254 Populus
970 3188 1131 3252 quoquere

86 3262 239 3320 universus
254 3268 372 3319 secutus
390 3259 521 3319 iudicium
538 3261 699 3337 principum
714 3259 836 3320 eundem
857 3275 959 3334 regem
980 3260 1085 3319 conui-

85 3345 146 3403 tuit.
191 3343 241 3403 Sic
256 3361 377 3418 regnum
391 3341 543 3402 Persarum
562 3351 676 3420 septem
696 3342 938 3403 nobilissimorum
959 3344 1125 3405 virorumtt

84 3427 190 3486 virtute
211 3426 370 3505 quaesitum
391 3435 448 3485 tam
467 3424 693 3510 leviumomento
712 3426 740 3484 iu
762 3442 846 3505 unum
865 3425 1010 3487 conlatum
1031 3434 1086 3486 eet
