2442 3975
78 202 253 259 mnas
420 214 724 263 rursmnmmnrru.
1008 205 1068 266 bil

81 366 269 444 supervenit:
295 381 312 424 a
328 380 387 443 quc
404 367 514 444 cripiue
530 367 645 444 cognita
659 383 813 445 puerorum
831 368 907 428 iacta
922 371 1069 448 conspira-

80 451 161 513 tione
179 457 209 506 et
224 447 430 509 adulescentes
444 451 472 508 in
488 449 626 510 ultionem
642 459 789 510 maternae
804 451 886 510 necis
899 461 928 511 et
939 450 1070 514 Numitor

81 533 110 590 in
127 530 280 590 vindictam
298 532 392 610 erepti
407 535 491 608 regni
506 542 659 593 armantur.

167 614 197 675 3.
220 611 326 674 Occiso
348 613 464 674 Amulio
486 633 606 692 regnum
626 615 767 675 Numitori
781 617 939 677 restituitur
954 626 984 677 et
998 618 1095 683 urbsl

82 695 211 756 Romana
229 694 265 754 ab
277 696 512 757 adulescentibus
526 699 667 759 conditur.
696 698 775 758 Tunc
787 708 816 759 et
828 707 945 760 senatus
956 709 1097 763 centnm2

82 781 245 853 seniorum,
264 781 312 856 qui
325 788 425 857 patres
440 779 507 840 dicti
522 790 606 857 sunt,
630 782 825 850 constituitnr;
841 791 909 842 tuuc
924 791 954 841 et
966 784 1068 843 ricinis

83 861 207 923 conubia
222 872 367 939 pastorum
384 862 606 940 dedignantibus
623 865 752 941 virgines
769 865 893 925 Sabinae
911 866 1067 943 rapiuntur,

84 946 266 1022 finitimisque
291 945 408 1023 populis
429 947 515 1006 armis
537 945 676 1006 subiectis
699 949 819 1024 primum
834 946 933 1011 ltaliae
958 956 988 1008 et
1000 965 1068 1008 mox

82 1029 163 1088 orbis
179 1028 327 1105 imperium
343 1028 512 1106 quaesitum.

166 1111 222 1170 Per
238 1128 273 1170 ea
296 1120 429 1188 tempora
445 1111 539 1171 adbuc
553 1130 643 1190 reges
658 1113 756 1174 hastas
770 1130 824 1191 pro
840 1112 1000 1174 diademate
1018 1113 1097 1179 bat

84 1193 208 1269 babent,
225 1211 297 1270 quas
309 1192 413 1253 Graeci
430 1204 547 1272 sceptra
566 1196 678 1256 dixere.
704 1194 777 1256 Nam
793 1205 824 1255 et
841 1194 877 1256 ab
894 1197 1006 1273 origine
1021 1214 1067 1256 re·

82 1295 143 1338 rum
158 1293 213 1355 pro
230 1278 320 1352 signis
335 1276 533 1337 inmortalibus
545 1287 663 1338 veteres
678 1278 775 1338 bastas
790 1279 920 1354 coluere,
939 1279 978 1338 ob
988 1281 1069 1339 cuius

82 1359 235 1436 religionis
261 1359 426 1418 memoriam
451 1359 545 1420 adbuc
570 1361 689 1423 deorum
715 1362 875 1423 simulacris
895 1361 995 1423 hastae
1020 1361 1068 1423 ad·

83 1443 195 1502 duntur.
679 1488 681 1493 .
911 1466 913 1469 -

167 1523 359 1602 Temporibus
373 1522 519 1603 Tarquinii
539 1527 620 1602 regis
640 1543 678 1585 ex
696 1526 767 1586 Asia
785 1527 1011 1587 Phocaeensium
1026 1527 1097 1590 int

82 1618 186 1669 ventus
207 1607 282 1666 ostio
298 1606 411 1667 'liberis
434 1609 549 1669 invecta
567 1610 717 1668 amicitiam
734 1627 797 1667 cum
813 1608 949 1678 Romanis
961 1610 1067 1668 iunxit:

82 1692 150 1751 inde
165 1692 194 1765 in
205 1690 320 1750 ultimos
333 1688 444 1753 Galliae
457 1692 536 1750 sinus
553 1690 673 1750 navibus
686 1692 818 1770 proiecta
829 1691 985 1752 Massiliam
995 1694 1070 1751 iuter

81 1774 203 1851 ligures
227 1782 255 1831 et
272 1772 350 1833 ieras
365 1783 471 1849 gentes
485 1773 633 1835 Gallorum
648 1773 794 1851 condidit,
816 1792 992 1852 magnasque
1008 1792 1068 1850 res,

82 1860 145 1917 sive
170 1858 234 1917 dum
252 1856 339 1916 armis
353 1874 386 1915 se
403 1857 543 1919 adversus
561 1856 699 1918 Gallicam
716 1857 862 1917 feritatem
877 1865 991 1917 tuentur
1007 1858 1069 1917 sire

82 1941 148 2003 dum
170 1939 246 2001 oltro
266 1938 430 2018 lacessunt,
453 1957 468 2000 a
491 1940 594 2019 quibus
610 1939 725 2001 fuerant
739 1948 824 2001 antea
841 1939 987 2014 lacessiti,
1002 1957 1069 2017 ges·

82 2033 193 2088 seruate
229 2024 359 2100 Namque
386 2024 590 2085 Phocaeenses
617 2025 834 2101 exiguitateac
856 2022 948 2084 macie
970 2031 1097 2087 terraeo

84 2108 179 2170 coacti
204 2107 360 2166 studiosius
382 2125 460 2166 mare
488 2126 572 2185 quam
596 2116 690 2167 terras
711 2124 889 2167 exercuere:
917 2105 1069 2185 piscando,

82 2190 250 2263 mercando,
267 2189 436 2268 plerumque
453 2191 537 2249 etiam
554 2191 706 2250 latrocinio
722 2192 819 2265 maris,
835 2187 912 2267 quod
926 2189 983 2248 illis
999 2198 1069 2249 tem·

84 2273 204 2352 poribus
217 2272 330 2349 gloriae
346 2271 524 2348 habebatur,
540 2276 627 2333 vitam
643 2273 814 2332 tolerabant.
843 2273 946 2349 ltaque
962 2273 990 2330 iu
1005 2272 1099 2334 ulti-6

83 2375 156 2416 mam
172 2355 275 2415 oceani
293 2371 374 2414 oram
395 2355 560 2434 procedere
580 2357 643 2416 ausi
667 2356 696 2415 in
714 2357 804 2415 sinum
829 2354 969 2415 Gallicum
994 2355 1069 2413 ostio

82 2439 194 2500 Rodani
218 2441 308 2499 amnis
327 2435 484 2516 devenere,
503 2439 582 2499 cuius
594 2439 653 2498 loci
667 2440 838 2498 amoenitate
852 2438 939 2516 capti,
958 2437 1098 2499 reversi‘l

84 2525 197 2583 domum
211 2524 376 2584 relerentes
391 2539 466 2600 quae
478 2522 620 2596 viderant,
636 2521 735 2599 plures
747 2521 954 2581 sollicitavere.
973 2519 1099 2581 Ducere

84 2606 187 2667 classis
202 2607 297 2664 Simos
311 2613 341 2664 et
354 2605 449 2664 Protis
466 2605 558 2664 luere.
592 2605 693 2682 ltaque
707 2622 808 2681 regem
821 2602 1070 2679 Segobrigiorum

84 2690 214 2750 Nannunr
227 2689 359 2762 nomine,
375 2690 402 2747 in
418 2689 499 2747 cuius
515 2687 619 2747 linibus
634 2687 734 2747 urbem
751 2686 879 2747 condere
894 2685 1069 2762 gestiebant,

34 2778 39 2788 '
84 2773 235 2833 amicitiam
254 2779 387 2850 petentes
404 2772 586 2831 conveniunt.
621 2769 710 2830 Forte
726 2787 762 2829 eo
778 2770 824 2829 die
842 2787 895 2827 rex
911 2776 1098 2845 occupatura

83 2857 112 2915 in
134 2863 272 2934 apparatu
290 2855 450 2932 nuptiarum
466 2853 568 2932 Gyptis
583 2854 660 2913 filiae
685 2862 762 2930 erat,
780 2869 863 2929 quam
877 2867 958 2908 more
976 2848 1071 2926 gentis

85 2937 183 2998 electo
208 2939 283 2997 inter
311 2937 413 3014 epulas
437 2952 549 3012 genero
577 2946 694 3014 nuptum
718 2934 833 2994 tradere
856 2933 916 2991 illic
939 2930 1068 3010 parabat.

82 3020 184 3100 ltaque
200 3038 263 3080 corn
274 3020 311 3079 ad
322 3021 435 3097 nuptias
450 3020 561 3080 invitati
575 3036 676 3078 omnes
687 3035 827 3098 proceres
839 3021 1068 3090 essentrogan·
1079 3026 1115 3077 lo

84 3114 130 3164 tar
150 3107 235 3164 etiam
257 3102 361 3162 Graeci
379 3102 512 3178 hospites
527 3102 565 3162 ad
581 3103 753 3161 convivium.
783 3097 948 3159 introducta
964 3094 1068 3155 deinde
1080 3107 1112 3158 11

82 3189 168 3265 virgo
183 3204 245 3247 cunr
259 3186 406 3245 iuberetur
424 3195 536 3264 epatre
553 3202 656 3262 aquam
666 3184 818 3263 porrigere
831 3182 869 3255 ei,
887 3196 970 3256 quem
980 3180 1071 3237 virum

11 3295 14 3302 ·
84 3270 225 3348 eligeret,
242 3278 308 3328 tunc
331 3269 446 3327 omissis
464 3268 595 3329 omnibus
613 3267 648 3328 ad
667 3265 802 3327 Graecos·
816 3278 959 3323 conversa
970 3276 1072 3337 aquam

82 3354 163 3414 l'roti
179 3353 319 3432 porrigit,
336 3352 384 3428 qui
402 3350 496 3412 iactus
507 3370 545 3412 ex
561 3350 678 3428 bospite
689 3366 781 3425 gener
796 3346 891 3405 locum
904 3342 1073 3404 condendae

85 3435 164 3497 erbis
188 3453 204 3497 a
228 3451 334 3495 socero
356 3435 481 3512 accepit,
524 3429 646 3494 Condita
663 3432 750 3508 igitur
773 3429 961 3569 M⁸⁸⁸ffl⁸e⁰⁸¹
975 3441 1068 3504 prope
1081 3433 1116 3486 lt
