2442 3975
104 148 163 207 174
429 158 467 205 ιιι
485 155 621 205 menen
643 157 808 204 xxxxnn.

163 316 193 376 5.
211 314 258 389 §l
274 318 390 391 spaniae
405 314 491 372 ΛΟΜ
503 306 505 311 ’
541 315 812 388 carthaginiensisA
865 314 916 390 §2
931 319 1081 399 gaudetaai
1099 338 1114 376 a

99 406 132 459 A.
161 403 329 474 gaudetania
346 402 377 458 G.
405 400 618 472 gadetaaiaE.
647 401 797 472 gadetania
813 399 854 456 M.
883 402 1059 473 gadetrinia
1079 405 1112 460 L.

99 486 294 558 gaditaniaR
362 485 457 545 iusiA
518 485 632 542 severi
703 486 847 557 gasitands
862 486 893 542 G.
916 487 1066 557 gaditanos
1085 488 1112 543 R

141 568 162 642 ὃ
178 578 196 631 3
213 571 268 626 sihi
283 569 373 626 ΛΟΜ.
395 570 437 624 sie
451 570 487 624 B.
511 570 551 625 ibi
569 576 597 625 et
612 569 648 624 E.
671 569 711 625 ibi
729 570 753 625 R
816 570 965 640 gaditanos
983 568 1004 625 0
1068 571 1111 626 in-

99 652 182 728 iuria]
205 655 232 710 in
253 672 289 710 m.
305 654 413 726 pallida
435 654 512 709 tutat.
533 654 557 708 Α
633 648 655 724 ὃ
672 660 689 712 4
709 670 815 723 magna.
830 670 909 710 manu
930 655 1012 726 Benq
1025 655 1112 712 DFL.

98 741 203 795 maiore
223 755 304 794 manu
324 739 358 792 E.
387 737 624 807 manumagnaR
702 735 754 809 §5
775 738 968 807 hasdrybairt
1047 738 1111 810 ipse

97 839 183 880 serve
198 822 257 877 AG·
285 823 347 895 ipse
362 827 495 877 teaserve
509 820 549 877 M.
573 822 636 894 ipse
651 839 665 877 a
682 837 766 876 serve
785 821 811 875 R
883 822 1026 878 cuiusdam
1038 839 1070 878 *a
1085 824 1112 877 Α

139 906 303 979 ulciscentis
318 907 342 960 Α
357 902 398 977 (ei
413 921 501 977 supra
512 901 575 979 lin.)
588 905 733 961 BGMDL.
750 905 904 963 ulciscente
917 904 944 959 R
1003 903 1053 978 §6
1068 906 1112 961 in·

97 991 232 1047 terieetus
249 996 301 1045 est.
321 989 411 1044 Maior
432 996 551 1061 utroque
573 989 654 1061 Banu
669 989 755 1044 Dueb.
789 988 883 1044 interi.
907 995 951 1043 est
973 994 1002 1044 et
1022 990 1111 1046 maior

96 1082 216 1144 utroque
231 1073 372 1130 ABGDE.
404 1074 497 1129 interf.
517 1079 593 1128 esset
611 1079 640 1127 et
660 1072 722 1127 mai.
741 1079 859 1143 utroque
881 1071 921 1127 M.
952 1073 1111 1129 interi..est

95 1158 148 1215 sed
164 1157 229 1214 mai,
245 1164 364 1228 utreque
380 1156 410 1212 Ο.
437 1158 531 1213 interi.
548 1163 576 1211 et
592 1157 658 1211 hine
679 1155 741 1212 mai.
759 1155 878 1227 utreque
893 1157 927 1211 t.
955 1156 1050 1213 interi.
1068 1164 1111 1213 est

97 1249 125 1299 et
139 1242 204 1298 huie
219 1247 337 1311 utreque
353 1240 442 1297 maior
455 1243 484 1296 F
543 1236 564 1311 ᾗ
578 1236 732 1313 7Ῑροιιιοι]
743 1242 794 1294 ntt.
807 1256 826 1296 e
839 1243 868 1295 in
882 1255 942 1294 rus.
953 1241 979 1295 Α
1040 1257 1110 1314 pos-

96 1333 141 1381 tea
163 1340 216 1379 om.
233 1314 263 1380 'A
348 1322 403 1395 §8
427 1324 583 1396 perdomita
598 1323 689 1379 DEF.
717 1323 921 1395 prodomited.
953 1324 1109 1397 perdomita

95 1406 269 1480 BenyDued
286 1407 314 1463 R
387 1408 553 1479 provinciae
572 1408 606 1463 Α.
636 1407 700 1463 -eie
722 1406 833 1462 DEFL.
867 1407 1013 1481 provincia
1029 1410 1129 1481 Bony.

95 1493 172 1549 Dueb
187 1492 214 1547 R
275 1484 397 1563 iug'umm
409 1491 468 1546 DL.
486 1508 539 1562 que
554 1506 607 1546 em.
621 1491 649 1546 R
708 1491 860 1563 Hispaniae
871 1493 952 1563 Bene
962 1492 992 1545 E
1001 1488 1108 1566 (—nie).

94 1577 206 1649 hispani
222 1575 250 1631 R
315 1592 418 1646 eapera
432 1576 491 1632 EF.
514 1576 645 1646 accipere
658 1574 691 1630 R'
748 1576 885 1631 victoriae
899 1576 958 1631 BC.
980 1577 1109 1632 victricia

95 1661 132 1716 R.
164 1661 268 1730 Faber,
286 1660 435 1728 Graevius,
456 1661 505 1713 ulii
525 1661 640 1714 eundem
657 1661 818 1715 sententium
837 1661 930 1715 eodem
950 1659 1015 1731 fere
1029 1661 1110 1717 modo

94 1747 123 1799 in
138 1750 257 1814 utruque
273 1745 464 1798 enuntiationis
481 1746 677 1814 perseuerare·
694 1754 779 1816 ueyre
795 1743 920 1814 serentes
939 1744 1022 1799 verbu
1043 1761 1109 1816 per-

95 1827 216 1885 domitae
231 1827 398 1900 provineiae
412 1829 530 1882 detentu
545 1843 604 1883 esse
614 1835 732 1884 censent.
763 1828 865 1883 Verum
879 1829 1009 1884 mettere
1023 1843 1117 1885 mem.

95 1914 144 1968 bro
164 1929 220 1968 nou
240 1912 270 1966 id
288 1912 362 1983 quod
379 1915 562 1983 qrammua'cu
577 1914 684 1967 rectene
701 1914 793 1982 potius
806 1919 848 1967 est
865 1913 893 1967 in
909 1913 1024 1969 termam
1040 1930 1108 1984 pro-

94 1998 205 2054 vinciae
221 1996 348 2067 redegit,
362 1998 413 2052 sed
426 1998 456 2052 id
469 1999 544 2069 quod
557 2000 731 2069 consequitur
743 1997 778 2052 ad
791 1998 933 2053 meliorem
942 1998 1017 2053 vitae
1026 2014 1108 2053 asum

94 2082 249 2139 tradentem
270 2083 313 2136 rei
330 2095 465 2136 summam
487 2084 613 2137 continet
647 2081 720 2137 Num
734 2083 868 2136 sententia
883 2090 936 2137 eet:
957 2098 1012 2137 non
1024 2084 1108 2153 prius

88 2166 261 2238 perdomitae
278 2168 439 2236 promuscide
458 2168 549 2237 iuunm
566 2167 696 2235 accipere
712 2171 879 2236 potuerunt,
899 2182 983 2237 quum
1001 2166 1109 2221 Caesar

90 2250 179 2321 popul
177 2266 223 2304 um
236 2248 332 2319 ferum
345 2251 383 2304 itu
397 2252 540 2324 mttiyaait,
554 2257 584 2305 ut
596 2252 625 2303 iu
636 2249 759 2320 sormam
770 2252 931 2344 prouinciae
942 2250 1031 2322 rediyi
1040 2265 1106 2320 pos·

92 2340 142 2389 set.
172 2332 216 2403 Cf
230 2332 317 2425 Sapit.
332 2333 418 2389 Aue.
436 2340 567 2406 lotaeqq
581 2333 692 2388 θανεῖν
706 2321 764 2408 γὰρ
780 2319 873 2388 αὐτὸν
888 2321 952 2389 οὔτι
967 2351 1013 2390 πω
1027 2327 1108 2389 θέλω

93 2447 136 2457 -
149 2408 222 2490 πρὶν
236 2402 328 2470 eiu—
351 2407 471 2491 μάστιγι
488 2414 606 2493 πρώιον
626 2414 706 2474 νῶτα
725 2411 895 2490 φοινιχθεὶς
918 2406 1002 2500 θάνῃ
1019 2418 1109 2491 &tuate

99 2501 263 2557 Wunderus.
292 2500 361 2556 Iust.
379 2502 471 2560 XXX
481 2507 509 2571 4,
525 2507 556 2561 17
578 2501 786 2574 Phiiippus-
808 2518 906 2585 nomen
928 2502 1038 2598 quidem
1058 2519 1107 2557 re-

93 2583 168 2655 gium
186 2584 317 2654 retinuit,
334 2586 385 2641 sed
401 2587 528 2642 omnibus
544 2585 679 2642 Graeciae
698 2587 875 2642 urbibus-
832 2587 1001 2642 -amiesis
1016 2587 1105 2642 solans

92 2669 282 2726 Macedoniam
303 2669 425 2727 retinuit.
460 2669 568 2724 XLIII
579 2675 606 2738 4,
622 2676 647 2729 8-
658 2672 708 2725 has
728 2669 846 2727 insidias
864 2670 963 2726 mulier
977 2699 1020 2714 —-
1038 2687 1106 2742 pro-

92 2753 173 2823 didit,
191 2753 254 2824 quia
265 2782 306 2792 —
319 2752 449 2809 miserata
462 2754 568 2809 formae
579 2755 641 2810 eius
651 2754 775 2809 insidias
792 2755 909 2827 aperuit.
933 2754 1109 2811 XXXVIII

91 2844 118 2907 5,
131 2847 147 2896 5
161 2839 221 2908 ibiq.
233 2838 326 2892 adnot.
357 2837 435 2892 nune
447 2838 498 2893 XI
510 2842 579 2907 147
597 2839 676 2892 euius
694 2844 770 2894 tanta
792 2838 915 2895 felicitas
934 2839 1002 2908 fuit,
1019 2845 1049 2894 ut
1062 2868 1107 2877 -—
1208 2842 1218 2854 “

92 2921 193 2978 Persae
210 2951 252 2962 -
265 2922 360 2992 iugum
376 2922 521 2978 servitutis
537 2923 706 2994 acceperint.
788 2970 791 2976 .

501 3204 695 3212 ---.-...-.-„-
