2442 3975
136 161 199 224 156
506 169 615 217 ruoot
629 168 773 216 POMPEI·
942 161 1060 214 XXVIII
1071 169 1099 220 2.
1113 170 1134 221 3

89 337 124 393 12
136 326 224 387 tissa:
246 325 327 385 solos
343 325 468 402 denique
487 341 573 397 esse,
590 324 639 401 qui
651 321 829 393 Macedonas
844 324 968 400 imperio
984 333 1130 387 terrarum

131 426 250 486 semper
273 408 412 468 florentes
436 408 681 484 contempserint,
703 407 752 483 qui
766 406 929 484 Philippum
950 425 1053 483 regem
1068 428 1130 470 non

130 493 293 566 timuerint,
319 493 367 569 qui
387 489 548 550 Alexandri
569 491 664 564 magni
688 498 755 566 post
775 489 882 548 Persas
904 488 1052 569 indosque
1074 493 1128 552 de·

130 577 243 647 victos,
270 592 334 633 cum
355 591 455 634 omnes
477 590 581 632 nomen
606 574 669 629 eius
688 572 865 646 horrerent,
891 572 986 633 edicta
1002 590 1128 650 spreve-

88 669 123 722 13
133 660 199 716 rint.
244 658 365 717 Monere
392 658 480 733 igitur
507 674 550 715 sex
567 654 737 729 Romanos,
773 657 901 713 contenti
927 657 983 713 sint
1008 656 1128 718 fortuna

129 741 278 817 praesenti
300 759 356 799 nec
378 748 541 818 provocent
559 755 655 811 arma,
678 737 782 815 quibus
801 747 830 796 et
848 737 948 797 Gallos
971 756 1077 799 caesos
1095 751 1128 799 et

88 836 122 887 14
134 823 311 884 Macedonas
333 831 516 900 contemptos
537 821 663 880 videant.
701 821 751 879 Sic
767 820 884 879 dimissa
901 820 1047 896 legatione
1064 822 1127 881 Ro·

129 902 293 982 manorum,
318 924 354 964 ne
377 907 479 965 lortius
503 905 592 982 locuti
615 903 824 981 quamfecisse
840 904 1025 982 viderentur,
1050 906 1128 966 fines

129 988 212 1067 Epiri
228 991 312 1065 regni
330 998 358 1048 et
375 989 556 1048 Acarnaniae
572 987 797 1064 depopulantur.

103 1084 119 1135 1
195 1072 224 1139 3.
254 1071 313 1131 lam
335 1070 483 1149 Olympias
509 1071 575 1129 liliis
601 1087 693 1148 regna
719 1070 894 1144 tradiderat,
923 1071 1001 1129 etin
1027 1070 1127 1132 locum

102 1154 236 1229 2Pyrr1‚
276 1156 373 1214 iratrrs
389 1155 442 1218 de
441 1156 534 1227 uncta
559 1152 744 1211 Ptolemaeus
763 1162 965 1227 successerat,
993 1172 1041 1231 qm
1058 1173 1125 1215 curn

128 1237 261 1296 hostibus
285 1240 425 1296 instructo
448 1236 578 1296 exercitu
601 1235 703 1293 obvius
720 1238 936 1312 processisset,
959 1238 1125 1298 infirmitate

6 1397 8 1400 v
101 1329 285 1397 3correptus
308 1322 336 1378 in
360 1322 463 1378 itinere
484 1318 610 1378 decedit.
647 1316 795 1397 Olympias
812 1336 929 1398 quoque
944 1322 1060 1395 gemino
1079 1322 1124 1381 iu-

128 1420 228 1461 uerum
252 1403 374 1461 vulnere
398 1400 529 1477 adflicta,
562 1419 681 1477 aegrum
707 1405 838 1478 spiritum
859 1403 976 1462 trahens
998 1421 1054 1462 non
1075 1404 1124 1463 diu

100 1485 196 1548 cottis
212 1487 382 1562 supervixit.
415 1484 485 1543 Cum
501 1503 538 1543 ex
555 1494 644 1559 gente
660 1487 742 1561 regia
756 1486 821 1544 sola
837 1484 941 1544 Nereis
957 1487 1040 1562 virgo
1058 1505 1124 1547 cum

127 1567 281 1627 Laudamia
305 1585 409 1628 sorore
430 1571 624 1646 superesset,
647 1567 753 1627 Nereis
775 1568 855 1627 nubit
878 1568 981 1628 Geloni
1002 1570 1123 1630 Siciliae

99 1654 241 1724 styranni
261 1651 339 1727 lilio,
360 1651 513 1711 Laudamia
532 1659 628 1710 autem
653 1669 716 1710 cum
738 1653 766 1709 in
789 1668 866 1710 aram
884 1650 996 1711 Dianae
1020 1653 1120 1712 coniu-

99 1737 237 1809 cgisset,
255 1752 399 1794 concursu
416 1734 516 1812 populi
531 1734 712 1793 interficitur.
742 1734 827 1807 Quod
843 1734 955 1794 lacinus
971 1736 999 1794 di
1016 1737 1120 1794 inmor-

126 1816 202 1875 tales
224 1818 350 1877 adsiduis
372 1817 502 1877 cladibus
518 1819 615 1893 gentis
631 1826 660 1875 et
674 1834 768 1896 prope
787 1819 900 1876 interitu
915 1820 1004 1877 totius
1020 1819 1120 1896 populi
1215 1883 1218 1890 4

99 1900 358 1963 tvindicaveruut.
394 1899 466 1958 Nam
485 1909 514 1958 et
534 1900 718 1959 sterilitatem
740 1900 903 1978 famemque
926 1903 1005 1978 passi
1027 1911 1055 1960 et
1078 1903 1119 1959 in·

85 2018 91 2027 ·
126 1985 230 2043 teatina
253 1983 399 2044 discordia
414 1982 513 2043 vexati
528 1985 659 2043 externis
675 1984 710 2044 ad
726 1993 904 2062 postremum
918 1983 1004 2043 bellis
1022 2003 1119 2062 paene

99 2069 291 2145 8consumpti
308 2077 386 2149 suut.¹
415 2067 486 2127 Milo
508 2083 636 2145 quoque,
654 2067 825 2143 laudamiae
842 2083 1017 2145 percussor,
1032 2068 1060 2125 in
1075 2068 1118 2127 in-

125 2166 223 2208 rorem
245 2168 349 2208 versus
370 2168 444 2210 nunc
466 2150 563 2227 ferro,
591 2168 666 2209 nunc
687 2169 776 2224 saxo,
804 2153 833 2221 in
856 2167 964 2217 summa
985 2150 1118 2210 dentibus

123 2232 269 2305 'laceratis
281 2233 443 2293 visceribus
461 2233 633 2292 duodecima
649 2233 696 2292 die
711 2236 827 2294 interiit.

98 2325 115 2379 9
188 2314 239 2373 His
258 2318 286 2373 in
301 2315 393 2393 Epiro
415 2318 509 2392 gestis
527 2317 640 2375 iuterim
655 2317 683 2375 in
698 2316 868 2375 Macedonia
883 2315 1052 2376 Demetrius
1064 2336 1118 2376 rex

17 2449 19 2453 ,
82 2409 117 2460 10
128 2398 231 2457 relicto
254 2399 312 2457 iulio
330 2399 483 2478 Philippo,
509 2400 633 2477 parvulo
651 2399 817 2473 admodum,
843 2399 975 2474 decedit,
999 2402 1044 2458 cui
1060 2402 1117 2458 An·

115 2482 242 2557 *tigonus
269 2491 347 2540 tutor
368 2483 451 2542 datus
473 2492 596 2559 accepta
621 2484 649 2541 in
672 2484 880 2547 matrimonium
903 2491 994 2541 matre
1016 2483 1118 2560 pupilli

82 2575 115 2626 11
128 2582 229 2639 regem
244 2582 277 2623 se
293 2567 428 2624 constitui
446 2565 569 2624 laborat.
605 2564 763 2624 interiecto
781 2565 885 2625 deinde
897 2575 1033 2642 tempore
1053 2583 1116 2624 oum

125 2647 268 2706 seditione
289 2649 392 2707 minaci
407 2647 596 2707 Macedonum
620 2645 734 2708 cla'usus
756 2650 784 2706 in
806 2649 887 2724 regia
902 2658 1065 2723 teneretur,
1088 2650 1116 2706 in

124 2730 270 2808 publicum
297 2731 359 2789 sine
384 2730 559 2790 satellitibus
588 2724 738 2808 procedit,
771 2732 928 2809 [procedit]
955 2733 983 2789 in
1012 2731 1115 2806 uulgus

81 2822 116 2874 12
128 2814 189 2871 sine
212 2813 373 2873 diademate
390 2831 424 2873 ac
439 2832 581 2892 purpura:
603 2814 673 2873 dare
688 2814 762 2874 haec
779 2832 832 2873 eos
852 2814 936 2874 alteri
951 2813 1045 2891 iubet,
1069 2815 1116 2891 qui

81 2906 116 2959 13
127 2906 174 2956 aut
201 2898 346 2973 imperare
371 2897 567 2959 illisnesciat
590 2908 638 2957 aut
661 2899 706 2957 dui
731 2916 837 2976 parere
862 2896 917 2974 ipsi
940 2898 1048 2957 sciant:
1082 2914 1115 2954 se

123 2979 217 3039 adhuc
238 2979 408 3039 invidiosum
427 2980 504 3039 illud
514 2998 633 3056 regnum
656 2999 713 3040 non
728 2980 941 3058 voluptatibus,
964 2980 1018 3038 sed
1034 2978 1115 3037 labo-

80 3071 116 3124 14
125 3062 205 3120 ribus
227 3080 262 3122 ac
287 3062 427 3140 periculis
448 3065 568 3123 sentire.
611 3062 825 3123 Commemorat
846 3063 951 3122 deinde
973 3062 1116 3121 beneficia

123 3162 190 3203 sua:
225 3154 255 3203 ut
280 3146 475 3205 delectionem
501 3149 649 3207 sociorum
673 3147 878 3221 vindicaverit,
908 3155 938 3204 ut
963 3144 1115 3204 Dardanos

123 3226 342 3306 Thessalosque
357 3230 521 3289 exultantes
536 3240 630 3289 morte
646 3229 787 3291 Demetrii
801 3231 882 3305 regis
900 3228 1115 3305 compescuerit,

122 3318 152 3367 ut
180 3310 305 3387 denique
331 3312 499 3388 dignitatem
523 3312 715 3386 Macedonum
739 3331 796 3371 uon
822 3313 915 3371 solum
942 3310 1117 3387 defenderit,

79 3401 114 3451 15
126 3408 226 3448 verum
245 3402 274 3451 et
290 3396 413 3452 auxerit.
450 3394 578 3467 Quorum
594 3396 619 3453 si
634 3395 703 3454 illos
718 3398 882 3472 paeniteat,
898 3394 1048 3472 deponere
1065 3393 1116 3450 im·
