2442 3975
143 190 185 252 46
508 191 770 251 -unocreon‘nm
1033 195 1142 253 vdua

112 356 291 432 olndignnm
307 357 346 414 ait
365 355 444 417 bella
465 373 524 416 nou
546 356 663 433 perlici,
686 355 875 425 sed-redimi3
898 357 1012 418 hostem
1033 359 1142 436 pretio,

113 449 203 503 inon
217 441 303 499 armis
319 437 496 499 submoveri.
535 438 586 499 llis
608 439 732 499 uocibus
752 457 853 516 regem
870 439 1013 500 Tisaierui
1034 442 1142 501 aliena·

144 531 202 582 tum
216 522 357 596 hortatur,
380 532 410 581 ut
425 522 562 583 inlocum
579 523 643 582 eius
661 522 770 582 navalis
786 523 857 583 belli
872 525 973 584 ducem
986 523 1075 600 eligat
1085 522 1142 583 Go-

144 623 219 664 nona
236 605 454 679 Atheniensem,
475 609 523 684 qui
540 607 644 665 amissa
662 605 744 665 bello
766 609 857 683 patria
874 605 964 685 Cypri
987 607 1141 668 exulabat:

112 689 253 767 &quippe
275 688 514 764 Atheniensibus,
534 691 589 748 etsi
605 689 715 748 fractae
732 691 787 747 sint
803 708 893 767 opes,
915 708 1032 750 manere
1047 699 1143 749 tamen

144 772 275 831 navalem
290 790 383 846 usum,
400 789 466 847 nec,
490 773 514 831 si
527 761 686 849 ’eligendus
702 773 739 831 sit
752 789 789 831 ex
809 774 969 850 universis,
991 773 1143 832 meliorem

111 856 230 920 oalium
251 873 329 914 esse.
369 854 513 932 Acceptis
535 855 623 931 igitur
646 856 808 933 quingentis
833 857 948 917 talentis
974 858 1069 925 iussus
1098 865 1143 915 est

112 933 115 939 ’
146 937 266 997 Conona
283 938 370 997 clas'si
388 939 561 1016 praeficere.
599 942 602 947 ’

112 1035 127 1085 1
209 1023 237 1080 2.
261 1020 311 1079 llis
324 1022 448 1097 cognitis
460 1021 680 1081 Lacedaemonii
697 1030 726 1080 et
736 1022 793 1099 ipsi
810 1040 912 1099 aroge
924 1022 1053 1099 Aegypti
1070 1020 1142 1081 Her·

112 1113 130 1165 2
145 1099 269 1179 opnione
285 1103 390 1164 auxilia
405 1105 515 1164 navalis
530 1104 602 1163 belli
617 1122 672 1181 per
686 1105 801 1181 legatos
816 1114 934 1182 petunt:
958 1124 973 1164 a
995 1121 1052 1182 quo
1075 1121 1142 1163 cen·

144 1198 203 1246 tum
219 1189 353 1246 triremes
369 1196 398 1246 et
414 1197 554 1246 sexcenta
567 1188 644 1247 milia
658 1188 782 1247 modium
798 1189 933 1249 frumenti
944 1190 1048 1255 missa;
1065 1192 1142 1246 ace·

113 1283 131 1335 3
145 1273 216 1330 teris
235 1286 350 1348 quoque
363 1271 453 1329 sociis
465 1272 590 1347 iugentia
603 1270 708 1330 auxilia
722 1280 870 1331 contracta
882 1281 955 1331 sunt.
990 1269 1049 1330 Sed
1064 1279 1143 1330 tauto

132 1354 287 1412 exercitui
304 1362 333 1412 et
353 1362 454 1413 contra
478 1362 585 1428 tantum
608 1354 711 1413 ducem
732 1355 833 1415 deerat
854 1356 955 1433 dignus
974 1355 1143 1432 imperator.

112 1435 247 1515 ultaque
271 1436 485 1513 postulantibus
508 1439 597 1496 sociis
618 1435 803 1513 Agesilaum,
826 1456 927 1515 regern
949 1438 1143 1498 Lacedaemo·

144 1521 271 1594 nicrum,
285 1528 407 1597 propter
424 1536 566 1598 responsa
587 1520 697 1580 oraculi
710 1519 845 1599 Delphici
858 1523 905 1582 diu
923 1520 1143 1597 Lacedaemonii

112 1617 128 1666 5
145 1622 180 1661 an
198 1621 261 1661 eum
278 1620 404 1661 summae
419 1605 463 1662 rei
479 1612 696 1681 praeponerent
711 1603 960 1684 deliberaverunt,
983 1604 1084 1682 quibus
1099 1602 1143 1661 iu·

145 1695 225 1745 turus
248 1686 361 1763 imperii
382 1685 445 1744 linis
467 1685 704 1762 denuntiabatur,
731 1705 794 1746 cum
815 1690 927 1764 regium
950 1687 1143 1747 claudicasset

112 1770 312 1846 oimperium:
337 1770 490 1828 eratenim
507 1771 583 1847 pede
609 1770 737 1830 claudus.
772 1771 817 1833 Ad
839 1780 1015 1849 postremum
1036 1778 1142 1829 statue·

144 1862 209 1911 rant
224 1853 327 1912 melius
347 1870 415 1912 esse
430 1855 546 1913 incessu
562 1871 664 1928 regem
680 1870 765 1930 quam
779 1856 901 1932 imperio
919 1871 1040 1930 regnum
1061 1852 1142 1911 clau-

110 1947 126 2002 7
144 1936 251 1997 dicare.
284 1935 440 2014 Postquam
456 1936 626 2013 Agesilaum
644 1953 707 1995 cum
722 1937 1031 2015 ingentibnscopiisin
1043 1934 1142 1993 Asiam

144 2022 261 2096 misere,
280 2038 337 2079 non
356 2021 442 2080 lacile
460 2021 596 2094 dixerim,
620 2021 697 2096 quod
716 2021 860 2097 aliudpar
875 2020 977 2078 ducum
992 2027 1048 2077 tam
1064 2017 1142 2076 bene

111 2113 332 2181 &conparatum
349 2103 450 2162 luerit:
467 2105 574 2181 quippe
590 2111 683 2177 aetas,
698 2105 799 2177 virtus,
818 2102 984 2178 consilium,
1001 2102 1143 2179 sapientia

145 2191 260 2265 utrique
275 2204 369 2266 prope
385 2204 454 2254 una;
479 2187 574 2262 gloria
596 2203 713 2265 quoque
735 2203 831 2245 rerum
855 2195 1002 2261 gestarum
1025 2185 1143 2243 eadem:

111 2283 129 2336 9
147 2271 250 2348 quibus
268 2289 332 2329 cum
348 2271 428 2347 paria
444 2271 537 2329 omnia
553 2268 669 2328 fortuna
687 2269 818 2342 dederit,
839 2270 974 2327 invictum
994 2273 1089 2327 tamen
1107 2265 1143 2325 ab

102 2366 138 2419 10
147 2354 240 2411 altero
257 2363 408 2430 utrumque
422 2354 560 2412 servavit.
600 2350 721 2428 blagnus
743 2351 830 2428 igitur
852 2351 999 2410 amborum
1021 2365 1143 2427 appara·

102 2445 190 2502 ntus
206 2436 294 2510 belli,
317 2453 438 2512 magnae
457 2454 507 2494 res
522 2444 630 2512 gestae,
644 2435 768 2494 luerunt.
804 2433 863 2492 Sed
876 2430 1026 2496 Cononem
1036 2431 1143 2491 seditio

145 2518 264 2578 militurn
278 2519 400 2598 invadit,
424 2536 497 2596 quos
515 2518 658 2597 praelecti
676 2518 756 2594 regis
772 2515 905 2576 fraudare
924 2513 1069 2593 stipendio
1096 2532 1143 2574 so·

146 2603 188 2662 liti
206 2612 304 2679 erant,
324 2619 360 2662 eo
377 2604 528 2666 instantius
550 2602 645 2661 debita
670 2598 877 2678 poscentibus,
899 2616 956 2677 quo
979 2599 1143 2675 graviorem

34 2727 43 2747 .
104 2698 139 2752 12
148 2685 200 2746 snb
215 2704 320 2764 magno
337 2686 410 2746 duce
433 2686 562 2745 militiam
584 2684 814 2762 praesumebant.
848 2681 950 2760 ltaque
972 2679 1074 2742 Conon
1096 2681 1142 2739 diu

146 2788 219 2847 rege
234 2788 288 2848 per
305 2768 445 2845 epistulas
461 2769 567 2828 frustra
582 2767 703 2845 fatigato
716 2768 752 2827 ad
765 2776 942 2845 postremum
954 2766 1017 2843 ipse
1031 2765 1067 2824 ad
1079 2779 1143 2822 eum

103 2855 259 2932 13pergit:
276 2872 292 2913 a
309 2856 388 2912 cuias
406 2861 526 2929 aspectu
539 2860 569 2910 et
581 2851 731 2929 colloquio
743 2849 906 2929 prohibitus
919 2857 973 2923 est,
985 2848 1067 2926 'quod
1080 2862 1143 2905 eum

103 2947 226 3000 ltmore
245 2937 396 2996 Persarum
412 2936 535 2995 adorare
555 2934 643 3001 nulit;
665 2935 724 3011 agit
744 2943 841 2994 tamen
857 2949 921 2993 cum
936 2948 973 2989 eo
988 2947 1042 3009 per
1056 2930 1142 2988 inter·

146 3022 260 3080 nuntios
277 3029 306 3079 et
322 3021 450 3099 queritur
465 3017 675 3097 opulentissimi
693 3020 773 3094 regis
789 3016 868 3076 bella
884 3014 985 3155 intr?
996 3012 1094 3085 dilabi,
1114 3019 1145 3070 et

147 3106 196 3181 qui
217 3105 377 3163 exercitum
401 3120 501 3179 parem
524 3099 656 3160 hostibus
676 3099 799 3175 habeat,
830 3099 934 3177 pecuui
976 3095 1070 3169 vinci,
1086 3104 1142 3172 qua

147 3196 295 3264 praestet,
315 3187 541 3264 interioremque
558 3200 622 3241 eum
645 3201 680 3242 sa
700 3192 783 3261 parte
804 3183 904 3241 virium
925 3179 1075 3252 inveniri,
1088 3192 1144 3253 qua

104 3271 235 3347 lolonge
257 3272 392 3348 superior
412 3269 459 3328 sit.
501 3266 632 3327 Postulat
654 3266 715 3326 dari
739 3267 793 3325 sibi
814 3266 970 3324 ministrum
991 3263 1142 3338 inpensae,

104 3355 214 3431 loquis
237 3352 367 3429 pluribus
388 3353 418 3412 id
442 3351 577 3412 mandare
601 3350 805 3426 pemiciosnm*
822 3349 867 3406 sit.
899 3345 975 3406 Dato
999 3341 1144 3421 stipendio

148 3435 185 3495 ad
202 3434 327 3498 classem
340 3435 504 3509 remittitur,
519 3450 575 3492 nec
590 3448 700 3490 moram
717 3429 837 3509 agendis
852 3430 941 3489 rebus
955 3427 1039 3487 iacit:
1058 3423 1145 3483 multa
