2442 3975
181 153 244 216 224
340 182 347 191 ·
482 163 742 215 ruouoornmr.
757 166 851 216 rnre.

492 328 676 378 anouocus
691 331 788 377 uram
802 330 865 387 xrs.
962 316 975 338 ⁰

243 429 423 490 Duodecimn
438 429 582 490 volumine
606 429 788 489 continentur
801 427 960 490 Alexandri
978 429 1073 505 magni
1091 427 1189 505 bolla·

181 509 332 573 Bactriana
353 523 383 572 et
401 513 499 575 ludica
523 510 673 590 usquead
694 512 838 570 interitum
859 513 938 585 eius,
966 511 1121 590 dictaeque
1143 512 1174 570 in

183 612 309 656 excessu
324 614 372 655 res
387 614 403 656 a
420 595 572 675 praefecto
588 595 651 653 eins
664 592 817 671 Antipatro
829 595 857 653 in
870 593 992 657 Graecia
1008 602 1126 670 gestae,
1143 602 1173 652 et

182 675 220 735 ab
241 677 435 754 Archidamo,
456 695 528 755 rege
550 676 860 750 Lacedaemoniorum,
888 676 1078 754 llolossoqne
1098 675 1172 736 Alc·

181 760 292 820 nandro
310 763 339 820 in
355 761 452 836 ltalia,
470 777 592 839 quorum
609 759 649 818 ibi
664 768 710 818 est
723 767 847 836 uterque
864 777 927 819 cum
942 761 1074 823 exercitu
1089 759 1172 819 dele·

182 851 238 901 tus.
271 842 396 905 Additae
414 844 460 904 liis
482 843 611 919 origines
636 839 755 899 Italicae
776 840 953 918 Apulorum,
979 841 1172 916 lucanorum,

183 924 355 1003 Samnitum,
380 925 567 999 Sabinorum,
593 932 623 997 et
639 931 670 981 nt
685 921 834 1000 Zopyrion
851 926 879 983 in
894 925 985 1002 Ponto
1004 942 1067 983 cum
1084 941 1172 999 exer·

184 1008 242 1067 citu
256 1009 353 1087 periit.

424 1216 428 1223 ¹
487 1153 669 1202 eaonocns
685 1144 781 1199 mani
792 1152 867 1199 x111.

245 1249 343 1310 Tertio
367 1251 481 1310 decimo
503 1252 650 1310 volumine
676 1251 857 1311 continentur
878 1250 978 1315 haec.)
999 1249 1038 1309 Ut
1058 1259 1173 1310 mortuo

184 1332 352 1395 Alexandro
370 1335 523 1410 optimates
545 1333 706 1397 castrorum
724 1334 786 1392 eius
816 1333 1026 1411 provinciarum
1049 1334 1172 1410 imperia

184 1417 241 1475 sint
257 1417 366 1493 partiti;
384 1424 415 1475 ut
426 1418 568 1492 veterani,
583 1418 633 1494 qui
648 1416 684 1476 ab
696 1415 801 1475 eodem
812 1416 881 1475 lecti
893 1425 974 1475 erant
984 1417 1013 1474 in
1028 1415 1172 1490 colomeo,

183 1498 274 1557 moliti
289 1499 399 1558 relictis
416 1498 474 1558 illis
491 1501 520 1558 in
536 1499 687 1560 Graeciam
702 1498 799 1558 redire
820 1517 841 1563 a.
851 1498 973 1559 Pithone
993 1499 1050 1557 sint
1069 1498 1171 1558 deleti.

141 1657 143 1660 Α
182 1581 296 1642 Bellum
313 1580 490 1658 Lamiacum,
514 1582 592 1660 quod
614 1581 766 1658 Antipater
780 1582 808 1639 in
823 1581 944 1642 Graecia
960 1582 1062 1658 gessit.
1105 1580 1171 1640 Bel·

184 1665 242 1725 lum
268 1680 326 1742 quo
346 1663 502 1724 Perdiccas
524 1682 627 1741 regem
647 1663 830 1723 Ariarathem
853 1663 973 1730 oceidit;
999 1672 1029 1723 ut
1052 1665 1172 1724 occiana

185 1756 239 1806 est.
269 1746 380 1806 Bellum
403 1765 461 1824 qno
476 1746 622 1807 Eumenes
637 1744 859 1824 Neoptolemum
878 1756 908 1806 et
926 1745 1068 1808 Crateron
1092 1748 1171 1807 occi·

184 1829 236 1890 dit.
267 1829 391 1889 Additae
407 1832 436 1889 in
451 1848 576 1890 excessu
588 1830 718 1905 origines
735 1846 882 1908 regesque
898 1827 1084 1903 Cyrenarum.

480 2004 663 2060 PROLOGUS
678 2007 773 2055 LIBRI
789 2008 878 2054 XIIII.

248 2096 358 2170 Quarto
374 2098 487 2158 decimo
504 2101 649 2162 volumine
664 2105 845 2164 oontInentnr
860 2105 945 2164 lraec.
971 2105 1083 2165 Bellum
1097 2107 1174 2165 inter

184 2181 359 2256 Antigonum
385 2189 414 2240 ct
435 2180 593 2244 Eumenem
613 2195 741 2262 gestum:
763 2204 850 2264 quem
866 2196 897 2246 ut
914 2185 1102 2266 Cappadocia
1120 2207 1171 2248 ex-

186 2263 259 2342 pulit
279 2262 456 2341 Antigonus,
477 2267 520 2324 sic
544 2267 669 2345 Phrygia
692 2269 804 2328 minore
825 2269 997 2346 Aridacnm,
1026 2280 1055 2332 et
1074 2269 1172 2331 cliton

183 2347 253 2405 vicit
274 2346 303 2403 in
317 2345 508 2424 Hellesponto
523 2351 617 2409 navali
633 2351 723 2410 hello.
765 2350 929 2430 Repetitum
947 2372 1046 2414 rursus
1062 2354 1172 2414 bellum

185 2427 221 2488 nt
236 2426 364 2487 Eumene
381 2447 434 2506 per
444 2429 671 2510 Argyraspidas,
691 2450 748 2511 qno
759 2435 853 2495 victus
868 2435 904 2495 ab
917 2435 1064 2512 Antigono
1082 2438 1171 2496 inter·

183 2511 225 2569 iit.
253 2509 292 2569 Ut
306 2512 334 2568 in
348 2509 516 2573 llaeedonia
534 2514 698 2576 Cassander
720 2518 798 2577 victo
825 2517 1041 2596 Polyperconte
1065 2538 1171 2597 recep-

181 2601 270 2671 taque
296 2592 484 2654 adelectore
510 2596 680 2677 [Nicanore]
701 2598 853 2674 llunyolria
873 2611 993 2662 matrem
1011 2602 1173 2663 Alexandri

183 2674 356 2754 olympiada
373 2676 489 2751 Pydnae
508 2680 660 2741 obsessam
675 2682 831 2743 interiecit.

492 2841 676 2890 PROLOGUS
690 2842 786 2890 LIBRI
800 2844 857 2891 XV.

246 2931 351 3005 Quinto
369 2934 482 2994 decimo
496 2937 641 2997 volumine
654 2940 836 2999 continentur
846 2941 929 3000 haec.
955 2941 993 3001 Ut
1003 2941 1173 3002 Demetrias

183 3015 322 3093 Antigoni
342 3017 415 3077 lilius
438 3017 532 3078 Gazae
550 3021 644 3080 victus
662 3031 707 3081 est
724 3022 759 3081 ab
775 3022 954 3084 Ptolemaeo.
984 3023 1023 3083 Ut
1045 3023 1170 3084 Cassan·

184 3098 238 3159 der
251 3101 280 3157 in
296 3098 466 3161 llacedonia
482 3102 569 3162 lilium
584 3103 743 3165 Alexandri
758 3107 838 3182 regis
859 3107 1021 3181 Interiecit,
1045 3125 1082 3166 ac
1099 3107 1170 3167 alte·

184 3198 246 3239 rum
262 3181 454 3259 Polypercon.
479 3181 517 3240 Ut
532 3181 655 3265 [Cypro]
667 3185 863 3256 Ptolemaeum
874 3189 944 3246 vicit
955 3186 1052 3248 classa
1064 3189 1170 3249 Dame-
1217 3205 1218 3208 ’

184 3264 255 3322 trius
277 3264 411 3342 idemque
431 3265 468 3325 ala
488 3267 638 3327 obsidione
656 3268 749 3328 Rhodi
763 3281 920 3331 summotus
947 3282 1001 3333 est,
1032 3272 1170 3352 Repetite

182 3344 212 3402 in
227 3363 352 3405 excessu
368 3350 452 3425 origo
463 3347 652 3411 Rhodiorum:
669 3352 744 3411 unde
759 3352 907 3429 digressus
918 3355 1082 3429 Demetrips
1098 3354 1170 3416 libe·
