2442 3975
116 187 254 243 Atrine
471 194 564 244 msa.
580 194 781 254 emmanu.
1072 179 1114 244 93

117 349 265 428 principes
285 348 452 428 provincias
478 347 595 424 dividit,
627 347 717 409 simut
741 358 771 408 ut
799 347 930 407 aemulos
949 357 1117 407 removeret

117 441 147 491 et
173 450 275 491 munus
296 433 410 509 imperii
431 430 567 490 beneficii
588 432 632 490 sui
658 432 781 492 iaceret.
826 431 920 491 Prima
946 430 1114 491 Ptolemaeo
1126 444 1160 495 10

117 514 274 593 Aegyptus
302 524 332 574 et
354 515 444 574 Asiae
472 512 640 593 Libyaeque
673 531 741 592 pars
767 523 848 574 sorte
883 515 998 588 evenit,
1030 533 1116 592 quem

116 618 155 658 ex
170 599 308 676 gregario
324 598 413 662 milite
430 597 598 657 Alexander
611 597 726 656 virtutis
742 614 830 656 cansa
845 607 1037 674 proveherem
1068 599 1113 656 cui
1125 610 1159 661 11

115 682 153 741 ad
168 682 345 741 tractandam
362 681 540 758 provinciam
559 677 751 757 Cleomenes,
775 681 824 758 qui
845 679 1051 739 Alexandriam
1068 698 1116 739 ae·

117 764 303 839 dificaverat,
319 764 442 823 additur.
478 762 630 823 Coubuem
646 764 900 841 huic-provinciae
915 764 1028 837 Syriam
1043 762 1160 826 Lan-12

115 846 222 906 medon
254 846 466 922 blytilenaeus,
506 845 637 907 Ciliciam
663 847 791 907 Philotas
824 848 980 924 accipiunt.
1030 846 1113 905 Pitho

115 927 234 1004 Illyrius
251 928 367 988 blediae
389 930 509 1003 maiori,
540 927 702 1007 Atropatos
723 930 827 988 minori
847 947 935 989 socer
957 929 1115 988 Perdiccae
1125 939 1159 991 13

116 1014 315 1091 praeponitur.
351 1013 472 1073 Susiana
492 1031 567 1089 gens
583 1011 704 1088 Coeno,
722 1014 847 1089 Phrygia
862 1014 954 1072 maior
969 1012 1117 1089 Antigono
1127 1023 1160 1073 14

116 1095 242 1173 Philippi
257 1096 316 1154 tilio
337 1094 513 1171 adsignatur.
556 1095 673 1171 Lyciam
690 1105 725 1154 et
740 1095 936 1174 Pamphyliam
950 1094 1112 1169 Nearchus,
1126 1107 1159 1156 15

118 1177 231 1238 Cariam
255 1177 436 1253 Cassander,
462 1178 580 1254 Lydiam
595 1177 753 1239 Menander
777 1181 945 1238 sortiuntur.
969 1177 1159 1239 leccatore

115 1263 210 1321 minor
226 1262 352 1338 Phrygia
376 1263 488 1329 evenit;
511 1262 634 1322 Thracia
667 1272 697 1321 et
727 1264 866 1339 regiones
890 1263 1002 1322 Pontici
1027 1263 1115 1320 maris

116 1344 304 1420 Lysimacho,
348 1341 537 1424 Cappadocia
565 1364 630 1404 cum
657 1345 856 1423 Paphlagonia
885 1344 1008 1404 Eumeni
1037 1345 1113 1404 daia.

117 1428 249 1488 Summus
265 1437 425 1488 castrorum
447 1428 606 1490 tribunatus
622 1428 750 1488 Seleuco
770 1428 907 1488 Antiochi
933 1428 994 1487 filio
1012 1430 1110 1500 cessit.
1126 1435 1157 1489 17

117 1510 314 1589 stipatoribus
336 1513 417 1587 regis
433 1511 667 1588 satellitibusque
693 1510 857 1571 Cassander
878 1511 953 1570 lilius
968 1510 1111 1587 Antipatri
1125 1520 1159 1572 18

37 1604 42 1616 ’
118 1594 296 1671 praeficitur.
322 1592 355 1652 ln
370 1594 522 1655 Bactriana
535 1594 676 1654 ulteriore
692 1605 721 1654 et
736 1595 834 1654 Indiae
851 1594 1020 1668 regionibus
1035 1595 1113 1671 prio·
1126 1602 1159 1655 19

118 1693 168 1735 rcs
197 1675 340 1753 praelecti
359 1677 475 1735 retenti.
519 1676 634 1736 Terras·
655 1680 730 1736 inter
748 1692 859 1737 'amnes
887 1676 1053 1754 Hydaspem
1083 1684 1159 1737 stac

116 1756 217 1819 lndum
229 1757 348 1817 Taxiles
366 1757 503 1817 habebat.
534 1759 566 1818 ln
582 1759 713 1819 colonias
732 1762 760 1819 in
772 1760 850 1819 Indis
863 1761 995 1819 conditas
1009 1759 1111 1820 Pithon
1123 1768 1157 1821 21

118 1842 264 1918 Agenoris
283 1841 359 1900 lilius
374 1843 501 1900 mittitur.
538 1842 752 1918 Parapameson
769 1844 854 1903 linem
870 1843 992 1901 Caucasi
1010 1843 1114 1901 montis

118 1924 263 2001 Oxyartes
274 1926 400 2002 accepit.
425 1923 585 1984 Arachossi
598 1923 795 2005 Cedrussique
807 1927 935 2002 Sibyrtio
947 1927 1110 1993 traduntur;
1123 1935 1158 1986 22

118 2009 252 2069 Drancae
279 2018 308 2068 et
331 2008 585 2078 AreiStasauori.
623 2008 792 2070 Bactrianos
818 2011 957 2085 Amyntas
983 2012 1159 2083 sortitur,23

118 2093 283 2168 Sogdianos
298 2093 421 2152 Sulceus
438 2096 458 2162 i
476 2093 621 2168 Stagnor,
639 2086 761 2152 Partho's
778 2094 946 2172 Philippus,
963 2093 1116 2168 Hyrcanos

117 2174 362 2252 Phrataphernes,
372 2172 750 2253 'Carmanosl'leptolemus
762 2177 868 2236 Persas
877 2177 1048 2250 Peucestes,
1060 2176 1115 2235 Bn-

118 2258 254 2332 bylonios
270 2257 390 2318 Archon
403 2258 556 2334 Pellaeus,
569 2258 740 2318 Arcesilaus
754 2259 1003 2337 Mesopotamiam.
1032 2260 1112 2319 llaec
1123 2269 1157 2322 24

118 2342 224 2401 divisio
245 2342 335 2401 veluti
362 2341 451 2401 fatale
472 2359 573 2408 munus
590 2341 712 2417 singulis
733 2345 923 2419 contigisset,
950 2345 989 2403 ita
1012 2361 1115 2420 magna

117 2426 360 2486 incrementorum
376 2427 515 2485 memoria
532 2425 664 2503 plurimis
680 2425 747 2484 ruit:
774 2427 916 2504 siquidem
932 2445 989 2486 uon
1006 2444 1110 2503 magno
1123 2436 1157 2488 25

119 2518 187 2586 post
211 2517 362 2587 tempore,
394 2510 475 2587 quasi
498 2525 605 2583 regna,
635 2526 692 2568 non
714 2509 916 2586 praefecturas
939 2510 1115 2585 divisissent,

117 2593 162 2650 sic
187 2609 276 2670 reges
297 2610 334 2651 ex
355 2593 514 2670 praelectis
536 2592 606 2650 lacti
632 2609 750 2668 magnas
769 2610 843 2671 opes
859 2612 917 2655 non
935 2594 990 2653 sibi
1007 2603 1115 2655 tantum

120 2684 314 2751 parauerunt,¹
327 2693 427 2733 verum
445 2677 530 2734 etiam
545 2677 676 2752 posteris
686 2676 875 2754 reliqueruntt

181 2758 211 2816 5.
234 2756 307 2815 Dum
324 2757 398 2815 haec
413 2758 441 2815 in
459 2759 571 2817 oriente
587 2766 725 2834 aguntur,
742 2762 770 2818 in
788 2760 909 2820 Graecia
919 2759 1140 2823 Atheniensesl

120 2848 150 2899 et
165 2839 264 2898 Aetoli
280 2838 403 2913 bellum,
421 2842 497 2916 quod
514 2843 569 2899 iam
584 2844 652 2900 vivo
669 2841 837 2902 Alexandro
854 2852 1018 2917 moverant,
1039 2844 1114 2900 sum·

118 2925 171 2983 mis
188 2923 298 2982 viribus
315 2922 501 2982 instruebant.
538 2922 651 2983 Causae
673 2925 744 2984 belli
760 2935 858 3002 erant,
882 2925 959 3003 quod
976 2934 1143 2986 reversusa

41 3068 44 3079 ,
118 3007 155 3067 ab
172 3005 251 3067 lndia
264 3006 589 3084 Alexanderepistulas
605 3010 633 3067 iu
648 3007 798 3069 Graeciam
816 3010 992 3086 scripserat,
1010 3006 1114 3084 quibus

119 3093 242 3150 omnium
258 3088 550 3164 civitatium'exules,
569 3100 689 3167 praeter
704 3093 803 3151 caedis
820 3092 963 3164 damnati,
979 3088 1113 3149 restitue·

118 3172 231 3232 bantur.
272 3172 353 3245 Quae
369 3175 510 3235 recitatae
529 3175 678 3251 praesenti
693 3176 827 3234 universa
842 3174 964 3235 Graecia
984 3176 1013 3232 iu
1037 3181 1142 3239 mer-3

120 3264 185 3313 catu
203 3253 374 3332 Olympiaco
397 3274 518 3334 magnos
540 3266 637 3316 motus
663 3259 811 3332 fecerunt,
835 3260 900 3336 quia
922 3257 1036 3335 plurimi
1055 3269 1141 3319 nona

119 3333 235 3412 legibus
256 3336 334 3416 pulsi
350 3332 469 3415 patria,
483 3341 536 3399 sed
554 3357 608 3417 per
628 3340 784 3400 factionem
808 3343 968 3418 principum
987 3340 1113 3417 luerunt,

118 3420 288 3480 verentibus
303 3420 395 3480 isdem
409 3422 606 3502 principibus,
628 3441 666 3482 ne
687 3425 817 3484 revocati
832 3426 1013 3502 potentiores
1028 3425 1057 3482 in
1080 3442 1114 3483 re
