2442 3975
443 201 481 252 m
502 197 636 252 LIBRUM
659 199 697 252 11.
1042 194 1080 254 17

60 359 109 434 gio
126 359 264 432 amisere,
283 376 318 418 rte
336 376 469 418 numerus
482 377 589 429 eorum,
604 364 652 435 qui
658 365 779 435 periisse
793 363 963 429 dicerentur,
980 366 1080 420 nimius

59 452 138 502 esset.
174 446 334 502 Herodotus
349 442 416 519 (VI
434 443 499 519 117)
515 445 577 503 τῶν
595 437 757 523 βαρβάρων
777 436 852 503 nord
867 441 1078 522 ἑξακισχιλίους

58 524 110 586 καὶ
131 526 339 604 τετρακοσίους
359 532 388 584 in
405 533 464 601 ipso
477 533 584 601 proelio
604 533 734 587 cecidisse
753 540 852 588 auctor
871 538 918 588 est.
958 532 996 590 Ia
1015 535 1076 591 eod.

57 615 212 687 archetypo
227 631 330 687 persen
345 615 455 685 proelio
471 617 487 669 ι’.
502 630 525 670 e.
541 633 626 688 perse
642 633 692 671 sen
709 617 820 689 proelio
832 615 923 688 fuisse
935 626 1003 687 pitto

57 696 79 771 ὃ
94 705 128 758 21
145 700 326 754 athenienses
344 699 369 753 Α
432 700 561 756 eonditor
577 699 697 755 ABGM.
721 700 849 756 eoneitor
860 699 896 753 E.
920 701 1076 757 concitator

55 783 144 839 DFL.
169 789 199 837 et
216 782 408 838 concitorom.
425 782 455 839 C.
490 782 533 855 Cf.
557 783 657 847 Vni
723 784 778 840 diis
796 783 941 839 stridat

131 863 182 922 10.
200 863 222 938 ὃ
239 874 252 924 l
268 866 381 923 decedit
395 866 455 921 ΑΕ.
478 866 603 924 decessit
619 867 654 921 F.
676 867 782 924 decidit
798 867 830 923 R.
862 863 915 941 (Iu
930 869 952 922 G
967 867 1075 923 dedidit

54 950 146 1024 fuisse
162 948 286 1024 uidetur)
347 947 397 1022 §2
411 957 567 1008 artemenes
576 952 659 1022 Bonp
673 951 867 1008 DuebAGDL.
887 953 1000 1007 orthem.
1012 951 1073 1007 CM.

61 1038 180 1091 artham.
201 1036 237 1089 F.
260 1034 426 1090 arthemenis
446 1035 483 1090 B.
498 1037 587 1105 pluro
607 1052 660 1092 om.
679 1036 714 1094 E.
741 1035 869 1092 Monente
891 1036 1074 1093 Gutselimtdio

56 1119 243 1175 Arinemenes
256 1120 364 1189 scripsi.
382 1117 429 1173 Sic
436 1118 563 1174 XXVII
571 1126 597 1188 3,
606 1124 622 1180 7
632 1119 796 1176 Artsmenes
804 1124 832 1175 iu
843 1121 921 1175 codol.
930 1121 1074 1191 proAria-

57 1220 154 1259 menes
174 1269 190 1276 β
214 1203 261 1274 ipa
276 1202 308 1257 eit
324 1202 352 1256 B
364 1218 426 1257 euna
444 1219 496 1258 om.
511 1203 538 1258 R
597 1204 675 1259 dedit
690 1204 770 1277 Bonp
787 1202 852 1278 (secl
865 1207 943 1258 terreis
956 1202 1073 1278 aulus.)

56 1288 135 1343 Bueb
148 1287 261 1342 DEFL.
282 1303 333 1341 om.
349 1285 439 1344 ΛΟΜ.
454 1287 584 1343 coneedit
597 1286 624 1343 C.
649 1288 826 1359 assignarent
840 1288 868 1343 B
926 1285 1073 1363 felicitate]

57 1371 227 1428 eiurasA
276 1368 861 1442 §tuamqueBonpDuebDFLnnmR
905 1378 1073 1429 artameneni

57 1454 147 1511 ΑΜΕ.
173 1462 333 1510 artemonen
347 1454 382 1508 B.
406 1454 572 1511 ariamenem
583 1455 620 1510 E.
642 1462 772 1528 utsupra
787 1456 813 1512 R
879 1453 929 1526 §5
945 1457 1000 1512 sibi
1013 1457 1073 1510 vin-

58 1540 154 1596 dicare
176 1537 236 1612 (vel
250 1536 349 1612 vend.)
365 1539 447 1610 Bonp
464 1539 541 1595 Dueb
558 1539 695 1596 BCDEL.
724 1539 856 1596 vendieeit
873 1540 928 1595 sibi
949 1540 983 1594 F.
1012 1540 1073 1594 vin-

58 1625 154 1680 dioare
168 1622 224 1679 sibi
238 1623 264 1678 R
325 1623 353 1678 in
369 1640 486 1693 regnum
500 1641 552 1679 rex
566 1630 646 1696 pater
661 1624 718 1679 DL.
745 1624 772 1679 in
785 1639 874 1695 regno
887 1629 942 1695 pat.
955 1623 1008 1680 inm
1022 1638 1073 1677 rex

60 1706 88 1762 C.
111 1708 140 1763 in
158 1723 249 1779 regno
264 1706 318 1763 iana
329 1724 381 1763 rex
394 1713 451 1779 pat.
464 1705 491 1762 R
555 1705 577 1781 §
592 1714 609 1768 6
625 1708 780 1766 arianenes
792 1708 826 1763 E.
851 1709 1026 1765 arthsmenes
1038 1707 1073 1761 F.
1124 1769 1127 1776 ,

59 1792 234 1847 arthemenes
247 1791 299 1848 CL.
321 1790 516 1848 artemenesR
579 1792 618 1849 ita
631 1808 684 1849 avo
697 1792 730 1850 E.
751 1791 789 1847 ita
802 1809 853 1847 om.
866 1792 893 1846 R
955 1798 1072 1864 paterno

57 1873 150 1934 Aoni.
176 1882 302 1931 materno
319 1874 345 1930 R
411 1872 432 1946 §
448 1880 463 1936 7
481 1882 568 1932 matre
589 1876 716 1946 reginata
737 1880 827 1931 natum
844 1876 869 1930 Α
885 1872 926 1948 (ia
942 1891 1015 1931 eros.
1033 1891 1071 1931 m.

57 1961 106 2016 alt.
136 1959 200 2016 Nisi
215 1953 409 2034 διττογραφία
425 1967 477 2030 est,
502 1959 564 2030 regi
587 1965 649 2016 nate
666 1966 757 2016 natum
773 1961 888 2015 voluisse
903 1961 1022 2025 ridetur,
1043 1961 1074 2014 ut

56 2047 216 2100 ooourotius
225 2046 429 2116 sipnifiooretur
438 2051 554 2100 matrem
566 2046 639 2115 repis
647 2045 734 2115 filium
743 2043 844 2114 facisse.
871 2043 914 2113 Cf.
927 2043 946 2096 Ι
959 2051 999 2108 10,
1015 2038 1071 2115 14).

55 2136 171 2185 matrem
187 2129 313 2199 reginam
328 2125 393 2203 (om.
408 2126 515 2202 natum)
526 2128 586 2184 DL.
608 2134 695 2184 matre
708 2128 806 2198 regina
823 2134 913 2183 natum
930 2126 957 2181 R
1021 2124 1072 2198 §8

54 2215 151 2283 itaque
164 2213 197 2268 L.
219 2213 311 2284 itaque
329 2213 353 2268 si
367 2213 403 2269 D.
425 2214 463 2269 ita
480 2213 549 2269 etsi
566 2213 628 2267 EF.
652 2217 680 2267 et
697 2211 721 2267 si
743 2212 769 2267 R
835 2209 856 2284 ὃ
875 2218 891 2271 9
910 2211 1070 2267 arioiernen

53 2296 172 2357 AGME.
196 2296 364 2353 ariaiernenn
373 2298 409 2352 B.
429 2297 594 2354 -iorneCst
615 2298 819 2368 aryaphernem
831 2296 864 2351 F.
886 2295 1067 2352 artaierneL.

53 2383 259 2454 Artaphernem
273 2395 312 2436 ex
326 2382 465 2437 Herodoto
485 2381 638 2438 emendavit
651 2382 733 2452 Bonp
794 2379 815 2453 ᾖ
830 2381 923 2452 loqui
939 2383 1012 2437 domi
1029 2406 1069 2416 -

53 2466 222 2539 praeposuit
246 2482 297 2520 om.
320 2465 462 2521 ABCGM.
499 2465 635 2537 Suspecta
654 2471 717 2521 suut
782 2467 872 2521 vietor
889 2465 1071 2521 *resultaverit

52 2552 89 2606 Α.
133 2550 249 2605 Videtur
267 2548 358 2621 fuisse
380 2551 572 2621 insultaverit,
597 2551 673 2623 quod
695 2548 796 2605 habeut
815 2550 842 2604 R
917 2549 1071 2605 indoluerit

52 2633 140 2692 DFL.
165 2634 326 2690 dolueritR
389 2634 508 2690 invicem
520 2651 633 2691 manera
647 2635 729 2705 Bonp
740 2634 799 2690 DL.
823 2650 894 2689 mun.
911 2634 966 2689 inv.
981 2633 1008 2687 R

51 2727 83 2776 et
99 2718 221 2774 ineunda
237 2713 327 2792 (ion.)
346 2734 456 2791 quoque
471 2719 549 2775 Dueb
561 2718 647 2775 BFL.
674 2725 703 2773 et
713 2735 766 2774 om.
778 2718 860 2790 Bonp
872 2718 909 2778 R,
935 2714 1069 2772 ineundo-

51 2801 291 2875 quaooni.Dueb
360 2819 414 2859 non
434 2805 523 2859 sotum
544 2804 658 2860 oreduia
679 2820 760 2859 conv.
777 2803 854 2859 Dueb
871 2800 957 2858 DEL.
987 2815 1067 2853 eonv.
1104 2834 1107 2840 -

50 2903 109 2944 non
126 2888 219 2942 sotum
239 2886 290 2943 sed
309 2888 385 2945 ored.
401 2887 437 2941 F.
470 2903 524 2943 non
541 2889 630 2944 solum
646 2894 690 2944 set
705 2895 733 2943 et
750 2888 826 2943 ored.
845 2886 927 2942 'eoam
945 2884 981 2938 B.
1012 2898 1067 2935 non

51 2973 145 3029 solum
163 2971 214 3026 sed
233 2972 309 3027 ered.
330 2987 410 3027 eonv.
426 2971 507 3042 Bonp
521 2971 558 3027 R.
595 2972 767 3027 Tutissimum
787 2974 873 3027 uisum
892 2973 932 3024 est
952 2967 986 3020 ob
1001 2971 1067 3036 optt.

49 3056 132 3112 codol.
149 3071 204 3111 non
218 3055 357 3112 recedere.
393 3054 511 3111 Credula
527 3055 656 3113 convivia
672 3063 737 3112 suut
755 3071 804 3124 eo,
826 3067 898 3126 quoe
913 3069 930 3105 u
948 3050 1069 3106 credulis

49 3141 171 3197 conuiuis
193 3139 340 3195 habentur.
379 3138 423 3211 Cf.
447 3139 566 3196 laetiora
588 3139 718 3197 convivia
739 3139 811 3195 inire
833 3134 972 3192 XXXVI
988 3141 1017 3197 4,
1040 3141 1065 3192 2.

51 3238 123 3280 oena
136 3223 346 3280 dubio'Terent.
356 3223 472 3279 Phorm.
487 3222 525 3279 ΙΙ
535 3230 566 3293 2,
579 3230 620 3283 28.
641 3224 742 3280 Horat.
760 3230 813 3279 sot.
826 3220 863 3277 ΙΙ
873 3227 901 3285 2,
914 3224 958 3282 77.
989 3219 1068 3288 Quod

49 3307 219 3365 Duobnerus
235 3309 311 3373 dicit,
334 3323 388 3380 per
406 3322 437 3364 se
458 3313 514 3363 tuto
533 3323 593 3364 esse
611 3316 754 3379 oportere,
777 3321 849 3377 quoe
867 3308 921 3359 sint
938 3306 1067 3370 iucundo,

51 3399 214 3465 repupnont
227 3392 310 3448 XIII
322 3399 351 3458 2,
371 3400 384 3451 1
407 3408 461 3448 non
479 3399 509 3447 ut
523 3393 589 3448 laeti
603 3390 647 3448 =ita
662 3398 690 3447 ot
709 3390 803 3447 sonari
817 3390 935 3449 inerunt.
974 3387 1018 3459 Cf.
1034 3387 1071 3443 II

53 3485 100 3547 11,
117 3483 152 3535 12
175 3477 284 3534 senario
304 3483 333 3534 et
354 3478 437 3535 laetis
458 3475 722 3549 superveniendum.
747 3472 832 3529 XIII
843 3479 874 3542 8,
895 3482 911 3532 5
933 3474 1010 3529 ioato
1031 3489 1068 3528 ex

95 3576 262 3621 mosmos.
845 3552 864 3612 2
