2442 3975
113 185 182 240 xtn
197 189 265 240 14
457 165 549 242 ursrss
565 195 659 243 earu.
672 196 762 256 perr.
906 205 909 209 ·
1072 187 1110 256 9¹

114 365 199 427 quam
215 347 270 405 sibi
286 348 488 425 repperissent
503 365 606 425 pares,
630 350 654 407 si
670 366 733 406 non
743 350 818 408 inter
834 367 866 408 se
886 352 1112 428 concurrissent,

111 431 278 507 multosque
306 429 475 490 blacedonia
500 433 652 508 provincia
668 430 854 491 Alexandros
869 433 1031 511 habuisset,
1058 438 1113 495 nisi

112 514 228 573 fortuna
255 531 307 572 eos
330 514 523 574 aemulatione
547 515 660 573 virtutis
686 516 715 573 in
735 517 894 592 perniciem
916 527 1040 577 mutuam
1068 537 1112 578 ar·

105 606 233 657 mosset.

176 679 206 738 2.
232 678 369 738 Ceterum
384 681 486 739 occiso
502 679 672 742 Alexandro
691 697 748 738 non
767 690 796 739 ut
811 681 896 757 laeti,
914 683 953 741 ita
970 693 999 740 et
1015 685 1138 746 securil

111 763 195 821 luere
211 762 342 838 omnibus
357 758 442 820 unum
458 762 555 821 locum
570 763 813 840 conpetentibus,
830 782 886 823 nec
899 768 989 823 minus
1005 765 1141 828 militesn

112 863 197 922 quam
214 847 338 908 invicem
363 864 396 904 se
414 844 567 920 timebant,
598 864 720 924 quorum
746 856 776 905 et
795 847 915 906 libertas
936 848 1059 907 solutior
1082 858 1113 906 et

111 928 196 987 lavor
217 930 344 987 incertus
366 938 438 987 erat.
470 927 549 987 Inter
571 930 653 1008 ipsos
668 946 739 987 vero
759 931 919 1008 aequalitas
937 931 1141 997 discordiam3

111 1011 240 1088 augebat
263 1011 376 1088 nemine
398 1020 506 1069 tantum
523 1011 642 1070 ceteros
661 1012 841 1089 excedente,
862 1024 892 1073 ut
910 1017 936 1072 ei
957 1015 1062 1091 aliquis
1078 1032 1112 1072 se

111 1095 302 1160 submitteret,
338 1092 449 1153 Armati
465 1096 562 1170 itaque
581 1097 609 1154 in
625 1098 735 1171 regiam
753 1103 859 1156 coeunt
874 1098 910 1156 ad
928 1098 1139 1160 formandumt

110 1196 207 1237 rerum
228 1178 424 1256 praesentium
450 1186 562 1237 statum.
602 1179 742 1238 Perdicca
771 1188 873 1238 censet
894 1179 1032 1240 Roxanes
1059 1195 1139 1244 ‹tx-5

110 1262 223 1339 pectari
243 1270 373 1338 partum,
401 1278 476 1339 quae
497 1271 601 1320 exacto
622 1281 723 1320 mense
740 1272 846 1322 octavo
862 1261 972 1323 matura
992 1265 1047 1322 iam
1072 1280 1111 1321 ex

109 1343 278 1406 Alexandro
295 1353 373 1416 erat,
397 1346 467 1403 etsi
483 1362 604 1421 puerum
620 1348 802 1423 peperisset,
819 1346 895 1405 bunc
911 1347 974 1422 dari
990 1363 1109 1426 succes·

110 1445 207 1487 sorem
233 1430 316 1505 patri.
352 1426 506 1503 Meleager
527 1437 617 1504 negat
639 1428 798 1488 differenda
823 1431 851 1487 in
879 1438 978 1505 partus
1005 1429 1138 1493 dubiosa

110 1511 251 1585 consilia,
290 1529 387 1588 neque
423 1512 652 1587 expectandum,
694 1513 758 1570 dum
794 1529 883 1588 reges
908 1521 1109 1585 nascerentur,

111 1612 175 1652 cum
201 1593 389 1669 iam'genitis
411 1595 451 1651 uti
472 1593 592 1651 liceret:
624 1612 676 1652 seu
702 1612 775 1671 puer
799 1595 857 1656 illis
886 1595 1017 1672 placeat,
1040 1604 1136 1659 esset

110 1677 245 1752 Pergami
272 1676 361 1734 lilium
384 1674 545 1733 Alexandri
566 1685 661 1735 natum
683 1696 721 1736 ex
738 1677 876 1751 Barsine,
907 1678 1021 1736 nomine
1037 1677 1109 1736 ller-

76 1777 78 1780 ’
110 1760 219 1818 culem:
252 1777 305 1818 seu
324 1758 608 1839 mallentiuvenem,
636 1778 704 1819 esse
725 1762 753 1818 in
777 1763 879 1820 castris
905 1761 1024 1819 fratrem
1039 1760 1139 1825 Ale-8

108 1841 210 1902 xandri
231 1841 405 1916 Aridaeum,
432 1858 546 1900 comem
562 1851 592 1900 et
618 1845 728 1902 cunctis
749 1861 807 1902 non
829 1861 881 1902 suo
904 1853 1028 1918 tantum,
1058 1862 1108 1902 ve·

109 1944 170 1985 rum
197 1935 227 1984 et
253 1927 344 2005 patris
374 1924 498 2004 Philippi
527 1928 642 1984 nomine
673 1929 916 2005 acceptissimum.
968 1924 1136 1992 Ceterumo

108 2009 251 2070 Roxanen
264 2029 332 2069 esse
349 2011 469 2085 originis
487 2009 642 2084 Persicae,
666 2029 721 2069 nec
742 2029 809 2069 esse
833 2013 877 2070 las
897 2019 927 2069 ut
943 2009 1108 2069 Macedoni·

109 2090 162 2153 bus
181 2112 219 2152 ex
235 2094 376 2170 sanguine
393 2109 510 2167 eorum,
534 2110 655 2169 quorum
671 2112 762 2172 regna
779 2094 919 2169 delerint,
934 2110 1023 2170 reges
1040 2111 1108 2152 con·

107 2178 275 2236 stituantur:
299 2177 377 2255 quod
395 2193 456 2235 nec>
470 2178 564 2253 ipsum
582 2177 778 2236 Alexandrum
794 2179 925 2237 voluisse
946 2177 1030 2242 dicit;
1054 2176 1107 2234 de·
1117 2189 1151 2239 ιο

108 2260 195 2339 nique
211 2260 381 2318 morientem
398 2259 505 2318 nullam
522 2259 558 2317 de
575 2277 611 2318 eo
629 2263 802 2319 mentionem
820 2262 969 2320 babuisse.
1006 2259 1149 2322 Ptole-11

106 2361 206 2402 maeus
232 2342 388 2402 recusabat
415 2360 517 2418 regern
544 2341 699 2401 Aridaeum
729 2355 936 2422 non-propter
961 2352 1107 2403 maternas

78 2428 192 2486 modo
220 2426 342 2503 sordes,
372 2426 449 2504 quod
476 2444 514 2484 ex
538 2424 676 2484 Larisaeo
707 2436 807 2486 scorto
835 2436 1022 2501 nasceretur,
1053 2427 1107 2486 sed

106 2513 193 2570 etiam
213 2520 336 2588 propter
355 2509 551 2569 valetudinem
569 2510 725 2584 maiorem,
752 2527 836 2588 quarn
862 2510 1043 2588 patiebatur,
1069 2526 1106 2569 ne

106 2592 157 2651 ille
179 2611 284 2653 nomen
306 2594 406 2668 regis,
431 2594 505 2651 alius
527 2593 678 2668 imperium
701 2603 832 2662 teneret;
857 2594 959 2653 melius
982 2611 1050 2652 esse
1069 2603 1150 2656 exlt

106 2673 152 2734 his
170 2675 244 2752 legi,
273 2677 321 2752 qui
337 2693 390 2752 pro
411 2677 517 2734 virtute
535 2676 600 2751 regi
617 2694 670 2735 suo
686 2678 810 2754 proximi
825 2678 946 2751 luerint,
972 2678 1020 2765 qui
1038 2693 1106 2753 pro·
1181 2747 1183 2751 Ι

105 2759 217 2818 vincias
234 2766 355 2834 regant,
381 2757 483 2835 quibus
499 2758 578 2817 bella
593 2761 778 2835 mandentur,
802 2777 886 2838 quam
906 2759 959 2818 sub
977 2774 1105 2835 persona

106 2844 187 2919 regis
202 2842 383 2919 indignorum
398 2843 519 2919 imperio
538 2843 725 2902 subiciantur.
762 2840 841 2903 Vicit
857 2843 1017 2903 Perdiccae
1038 2857 1103 2898 sen·
1115 2852 1149 2904 13

105 2929 194 2987 tentia
217 2943 364 2986 consensu
385 2927 595 2984 universorum.
637 2926 749 2987 Placuit
770 2929 868 3003 itaque
888 2923 1102 2982 Roxanes‘ex·
1115 2934 1149 2988 14

106 3013 219 3088 pectari
235 3018 364 3089 partum,
384 3017 413 3067 et
432 3009 456 3066 si
479 3025 551 3085 puer
567 3018 651 3068 natus
671 3011 792 3084 luisset,
818 3019 929 3067 tutores
946 3005 1105 3064 leonatum

107 3102 136 3151 et
157 3093 325 3153 Perdiccam
346 3101 376 3150 et
397 3088 539 3150 Crateron
554 3101 583 3151 et
598 3093 778 3171 Antipatrum
795 3091 969 3151 constituunt
989 3089 1124 3167 confes--

106 3176 213 3253 timque
229 3177 257 3234 in
272 3185 399 3234 tutorum
415 3173 556 3252 obsequia
572 3177 673 3234 iurant.

171 3258 200 3317 3.
225 3257 296 3316 lium
312 3259 425 3335 equites
442 3275 558 3335 quoque
574 3259 649 3318 idem
665 3259 823 3332 iecissent,
842 3258 956 3335 pedites
966 3256 1133 3333 indignatil

105 3339 200 3401 nullas
222 3341 277 3399 sibi
299 3341 484 3400 consiliorum
499 3352 598 3418 partes
613 3343 732 3402 relictas
747 3341 921 3416 Aridaeum,
949 3339 1109 3399 Alexandri

104 3422 238 3499 tratrem,
261 3441 363 3499 regem
383 3424 532 3503 appellant
551 3417 753 3504 satellitesque
778 3424 820 3484 illi
844 3442 882 3483 ex
900 3423 977 3482 tribu
994 3440 1046 3482 sua
1062 3423 1104 3481 le·
