2442 3975
411 771 593 821 Pnouooon
608 758 711 819 'mant
731 773 754 819 1.

154 869 249 931 Primo
265 872 410 935 volumine
428 874 610 933 continentur
621 872 704 932 haee.
731 871 886 949 Imperium
897 869 1084 947 Assyriorum

90 969 108 1011 a
128 950 203 1012 Nino
224 972 297 1031 rege
320 973 412 1033 usque
435 955 471 1014 ad
493 955 746 1033 Sardanapallum:
772 962 839 1032 post
860 953 945 1031 quern
960 954 1081 1013 transla-

90 1043 149 1094 tum
177 1046 223 1097 cst
245 1055 298 1114 per
320 1037 465 1097 Arbacem
482 1038 518 1098 ad
536 1037 657 1113 Medos,
673 1055 767 1115 usque
787 1037 822 1097 ad
838 1035 964 1094 ultimum
981 1053 1083 1112 regem

90 1117 261 1196 Astyagem.
294 1120 358 1180 lsa
379 1129 488 1197 nepote
509 1137 563 1180 suo
579 1119 658 1194 Cyro
679 1121 781 1197 pulsus
799 1135 908 1195 regno,
931 1127 960 1177 et
974 1118 1083 1178 Persas

90 1218 184 1277 regno
207 1203 300 1280 potiti.
339 1203 378 1263 Ut
397 1201 511 1263 Croeso
531 1202 640 1277 Lydiae
660 1204 726 1279 regi
747 1202 856 1263 bellum
875 1201 968 1261 intulit
988 1199 1082 1275 Gyras

90 1284 257 1362 victumque
278 1286 366 1363 cepit.
405 1285 460 1345 Hic
478 1287 506 1345 in
530 1304 656 1346 excessu
674 1285 743 1345 dicti
759 1285 946 1345 Aeolicarum
962 1294 990 1344 et
1006 1284 1082 1344 loni·

91 1383 189 1426 carum
208 1366 321 1428 urbium
340 1372 413 1431 situs
437 1370 627 1448 originesque
646 1368 788 1443 Lydorum
810 1377 839 1428 et
857 1370 886 1433 iu
907 1367 989 1429 italia
1010 1367 1083 1428 Tus·

91 1457 200 1509 corum.
242 1450 313 1512 Post
340 1450 448 1526 Gyrurn
476 1452 551 1513 iilius
581 1451 743 1526 Cambyses
770 1452 937 1529 Aegyptum
964 1452 1082 1511 domuit.

90 1530 246 1609 Repetitae
265 1533 396 1613 Aegypti
413 1536 542 1612 origines
558 1535 680 1594 urbium.
709 1533 846 1594 Extincto
864 1532 1009 1608 cambyse
1024 1533 1082 1593 Da·

89 1631 159 1673 reus
176 1618 282 1675 occisis
298 1619 390 1694 magis
408 1636 527 1694 regnum
537 1617 685 1677 Persicum
701 1618 817 1695 accepit
834 1624 976 1694 captaque
988 1615 1082 1691 Baby·
1143 1681 1145 1684 ,

90 1695 160 1756 lone
176 1697 253 1758 heila
270 1699 407 1774 Scythica
425 1700 541 1760 molitus
556 1710 611 1760 cst.

420 1844 604 1894 PROLOGUS
620 1846 716 1893 LIBRI
731 1845 769 1892 11.

83 1994 86 1998 ,
152 1945 290 2018 Secundo
313 1947 458 2008 volumine
482 1950 666 2008 continentur
683 1947 767 2009 haec.
797 1947 934 2023 Scythiae
951 1954 980 2007 et
997 1946 1082 2007 Ponti

88 2028 163 2088 situs
186 2031 376 2109 orign‘nestyue
400 2030 538 2105 Scythiae
560 2049 654 2109 usquc
673 2031 711 2092 ad
726 2030 854 2107 helhum,
876 2048 934 2109 quo
951 2039 998 2089 est
1013 2029 1081 2089 inde

90 2111 192 2191 pulsus
206 2112 336 2173 Dareus:
356 2115 406 2192 qui
422 2113 576 2192 posthanc
593 2115 691 2190 dugann
708 2113 850 2194 Graeciae
865 2114 973 2174 bellurn
988 2112 1082 2173 intulit

89 2212 144 2272 per
154 2194 249 2255 Datim
262 2205 291 2255 et
302 2195 527 2275 Artaphernem,
545 2197 622 2275 quod
634 2197 689 2258 soli
701 2197 894 2258 Athenienses
906 2199 1080 2257 sustinuere.

88 2275 144 2336 Hic
162 2279 293 2355 origines
315 2279 494 2340 Athenarum
513 2281 658 2358 repetitae
682 2289 713 2339 et
728 2299 816 2357 reges
832 2297 924 2359 usque
943 2279 979 2340 ad
994 2279 1081 2338 Pisis·

88 2362 156 2419 trati
181 2362 377 2437 tyrannidem,
408 2379 465 2439 qua
493 2364 621 2422 extincta
642 2362 813 2424 Marathone
842 2366 941 2424 vicere
963 2363 1080 2422 Persas.

88 2441 128 2502 Ut
147 2454 260 2505 mortuo
277 2445 375 2506 Dareo
392 2444 467 2504 iihus
483 2444 677 2506 eiusXerxes
695 2445 805 2505 bellurn
818 2446 958 2507 Graeciae
973 2446 1081 2505 intulit:

87 2527 833 2672 th{diiitiridatistsszitrndtthth
848 2527 1082 2691 itttdzhh‘

86 2692 134 2750 xis
150 2694 304 2754 interitum.

393 2841 578 2891 PROLOGUS
595 2841 694 2888 LIBRI
711 2841 762 2889 111.

152 2939 252 3000 Tertio
280 2939 427 3000 volumine
454 2943 635 3001 continentur
661 2941 745 3001 haec.
787 2940 826 3000 Ut
845 2938 1081 3001 rnortuoXerxe

85 3021 166 3081 filius
179 3022 361 3082 Artaxerxes
381 3023 458 3083 ultus
482 3024 701 3084 interfectorem
721 3025 811 3102 patris
826 3023 1003 3084 Artabanum
1017 3021 1080 3082 bel·

87 3104 147 3164 lum
174 3123 238 3165 cum
263 3105 416 3166 deiectore
444 3102 574 3184 A'egypti
604 3105 719 3181 hahuit,
751 3109 902 3184 primoque
931 3105 988 3165 dux
1017 3107 1082 3165 eius

86 3186 291 3247 Achaemenes
313 3190 406 3248 vietus
432 3198 493 3264 est,
525 3191 628 3248 iterurn
649 3208 703 3267 per
724 3190 905 3267 Bagahazum
926 3188 1081 3267 Aegyptus
1210 3226 1215 3234 ·

88 3280 221 3349 recepta.
265 3271 303 3331 Ut
319 3270 437 3331 Graecis
453 3290 515 3331 curn
535 3291 608 3349 rege
624 3273 785 3349 pacificatis
808 3273 887 3333 heila
907 3274 981 3342 inter
997 3274 1080 3349 ipsos

85 3361 154 3413 orta
176 3349 243 3413 sint.
277 3353 348 3414 Inde
370 3357 514 3431 repetitae
535 3355 799 3432 Peloponnensium
824 3357 967 3432 origines:
992 3363 1023 3413 ut
1043 3354 1078 3414 ah

84 3433 224 3498 Herculis
239 3437 367 3516 posteris
385 3436 495 3497 Dorico
511 3438 622 3517 populo
639 3439 675 3498 sit
690 3449 843 3518 occupata.
872 3438 987 3511 Deinde
1001 3436 1081 3510 helle
