2442 3975
170 229 211 290 to
553 241 664 290 anaor
680 242 811 291 nonem
1116 241 1173 296 114

138 400 232 455 ‘frum
252 404 376 454 tuentur.
405 392 444 453 Et
464 412 501 453 ne
523 394 674 455 feliciores
699 395 773 455 aliae
791 396 855 455 aliis
870 395 1053 475 viderentur,
1080 404 1171 478 viros,

139 482 219 557 dqui
241 478 317 537 domi
342 486 555 553 remanserant,
579 479 761 538 interficiunt.
796 479 940 540 Ultionem
964 500 1080 561 quoque
1105 503 1171 545 cae·

139 568 266 622 9'sorum
298 564 453 637 coniugum
482 561 596 621 excidio
630 563 813 622 finitimorum
838 572 1061 642 consequuntur.
1100 567 1170 627 Tum

155 664 244 726 pace
259 647 345 705 armis
361 645 510 722 quaesita,
526 664 563 705 ne
580 663 673 722 genos
689 646 836 722 interiret,
854 647 1022 709 concubitus
1039 651 1170 709 finitimo·

135 713 231 803 {irum
247 732 354 790 ineunt.
383 729 413 787 Si
429 730 476 806 qui
492 747 587 788 mares
598 738 805 807 nascerentur,
821 730 1042 792 interficiebant.
1072 734 1170 810 Virgi-

168 833 221 873 nes
237 815 265 872 in
281 812 403 872 eundem
419 813 490 889 ipsis
504 831 630 890 morem,
648 831 705 872 non
721 815 781 873 otio
797 830 891 890 neque
905 813 1042 891 lanificio,
1059 816 1111 875 sed
1126 834 1170 875 ar-

122 964 133 985 ,
167 898 236 973 mis,
261 897 359 975 equis,
375 896 577 956 venationibus
602 896 798 972 exercebant,
819 897 920 956 inustis
942 900 1078 960 infantum
1101 900 1170 959 dex·

168 979 324 1039 terioribus
349 979 492 1054 mammis,
521 999 557 1041 ne
584 982 752 1057 sagittarum
772 982 863 1040 iactus
885 982 1069 1061 impediatur;
1095 983 1171 1042 unde

126 1073 160 1127 12
169 1065 263 1124 dictae
277 1063 452 1123 Amazones.
478 1062 559 1123 Duae
573 1064 618 1123 bis
633 1066 753 1140 reginae
768 1064 862 1141 fuere,
877 1065 1029 1145 Marpessa
1044 1075 1074 1125 et
1089 1067 1170 1126 Lam·

169 1148 262 1228 pedo,
294 1148 421 1226 quaein
447 1146 517 1206 duas
553 1157 652 1225 partes
682 1148 796 1224 agmine
829 1148 938 1225 diviso,
973 1149 1089 1210 inclitae
1115 1151 1170 1210 iam

169 1231 289 1309 opibus,
304 1229 417 1289 vicibus
432 1229 575 1306 gerebant
590 1230 683 1307 bella,
707 1231 763 1290 soli
780 1233 918 1293 terminos
935 1232 1055 1293 alternis
1069 1233 1169 1293 defen·
1201 1261 1207 1277 ι

126 1316 287 1390 13dentes,
321 1322 350 1372 et
375 1332 411 1371 ne
434 1314 621 1374 successibus
647 1314 765 1374 deesset
791 1317 963 1393 auctoritas,
997 1319 1111 1394 genitas
1135 1335 1170 1376 se

126 1399 257 1462 ldMarte
282 1395 497 1475 praedicabant.
528 1397 629 1476 ltaque
652 1399 763 1458 maiore
784 1408 866 1478 parte
886 1398 1024 1479 Europae
1048 1401 1169 1460 subacta

126 1482 256 1545 15Asiae
278 1498 395 1558 quoque
418 1481 571 1541 nonnullas
596 1483 728 1541 civitates
752 1499 947 1560 occupavere.
983 1484 1026 1543 lbi
1046 1483 1168 1562 Epheso

167 1565 321 1642 multisque
338 1564 402 1623 aliis
418 1564 536 1623 urbibus
553 1565 676 1624 conditis
694 1574 805 1643 partem
821 1568 966 1626 exercitus
983 1586 1046 1627 cum
1059 1568 1169 1643 ingenti

126 1660 159 1714 16
168 1648 275 1729 praeda
292 1648 405 1707 domum
422 1647 571 1707 dimittunt.
613 1649 771 1726 Reliquae,
787 1668 860 1728 quae
876 1651 912 1710 ad
926 1650 1060 1710 tuendum
1077 1650 1167 1710 Asiae

167 1732 316 1811 imperium
334 1742 549 1807 remanserant,
572 1751 718 1792 concursu
732 1732 922 1794 barbarorum
937 1752 999 1794 cum
1015 1735 1168 1813 Marpessa

125 1826 157 1880 17
167 1817 269 1893 regina
284 1815 500 1874 interficiuntur.
528 1814 560 1875 ln
575 1816 659 1875 huius
674 1816 769 1876 locum
786 1817 844 1876 lilia
861 1820 922 1876 eius
938 1818 1056 1893 Orithya
1074 1833 1168 1894 regno

166 1898 312 1976 succedit,
338 1899 383 1957 cui
402 1907 520 1977 praeter
535 1899 711 1975 singularem
732 1899 803 1959 belli
819 1902 967 1961 scientiam
982 1902 1086 1961 eximia
1106 1919 1167 1959 ser·

126 1994 250 2049 lavatae
272 1983 300 2041 in
322 2001 407 2043 omne
431 2003 533 2043 aevum
556 1984 729 2060 virginitatis
745 1983 892 2044 admiratio
907 1984 968 2043 fuit.
1003 1984 1093 2044 llnius
1109 1985 1167 2043 vir·

167 2076 226 2129 tute
242 2075 349 2127 tantum
364 2066 487 2127 additum
502 2067 615 2143 gloriae
631 2077 660 2127 et
672 2068 765 2128 famae
781 2068 957 2142 Amazonum
972 2077 1033 2144 est,
1049 2076 1079 2126 ut
1094 2067 1167 2127 ller-

167 2152 223 2211 culi
238 2170 307 2227 rex,
330 2151 375 2209 cui
391 2150 544 2210 duodecim
565 2151 707 2229 stipendia
728 2150 868 2226 debebat,
890 2152 971 2228 quasi
994 2151 1167 2229 inpossibile

125 2235 366 2313 raimperauerit,
390 2243 420 2293 ut
439 2253 517 2293 arma
538 2235 659 2310 reginae
679 2234 856 2294 Amazonum
880 2234 934 2293 sibi
954 2234 1091 2295 adferret.
1122 2234 1167 2293 Eo

167 2319 254 2394 igitur
278 2318 428 2396 profectus
448 2318 545 2394 longis
565 2336 670 2377 novem
692 2318 813 2378 navibus
836 2319 989 2378 comitante
1005 2318 1167 2397 principum

83 2465 87 2472 ,
121 2401 307 2466 thraeciae
330 2404 475 2460 iuventute
497 2402 681 2480 inopinantes
696 2402 873 2479 adgreditur.
907 2401 989 2462 Duae
1012 2411 1069 2461 tum
1084 2419 1165 2461 scro-

165 2504 214 2544 res
237 2485 415 2545 Amazonum
438 2503 529 2561 regna
550 2485 725 2563 tractabant,
753 2485 880 2562 Antiope
901 2495 931 2544 et
951 2483 1085 2559 Orithya:
1114 2483 1168 2543 sed

120 2567 284 2642 210ritbya
305 2568 377 2628 foris
398 2567 504 2627 bellum
524 2567 656 2646 gerebat.
696 2569 788 2645 Igitur
809 2587 872 2627 cnm
889 2568 1032 2628 Hercules
1049 2568 1085 2627 ad
1099 2568 1166 2626 litus

167 2654 344 2712 Amazonum
367 2651 519 2729 adplicuit,
549 2652 719 2730 infrequens
740 2651 887 2712 multitudo
912 2651 1039 2731 Antiopa
1063 2652 1166 2727 regina

121 2736 235 2798 annibil
250 2735 356 2795 hostile
372 2744 516 2795 metuente
532 2745 603 2795 erat.
636 2737 698 2810 Qua
714 2754 746 2795 re
769 2736 904 2795 effectum
927 2744 987 2811 est,
1009 2744 1039 2794 ut
1055 2750 1166 2813 paucae

165 2819 318 2897 repentino
339 2819 457 2882 tumultu
479 2820 592 2879 excitae
616 2837 693 2879 arma
714 2828 861 2879 sumerent
881 2819 1057 2897 facilemque
1072 2819 1165 2876 victo·

120 2905 235 2969 nariam
258 2901 391 2962 hostibus
413 2902 524 2962 darent.
556 2902 664 2962 Multae
685 2903 782 2980 itaque
806 2921 911 2962 caesae
934 2911 1111 2980 captaeque:
1137 2902 1165 2959 in

164 2988 213 3058 bis
228 2985 301 3045 duae
319 2985 465 3065 Antiopae
487 3003 623 3061 sorores,
648 2984 815 3065 Melanippo
837 2985 873 3045 ab
890 2985 1030 3060 Hercule,
1053 2984 1166 3061 Hippo·

120 3070 224 3145 aalyte
249 3070 408 3130 al'heseo.
441 3067 499 3129 Sed
523 3068 655 3129 Theseus
678 3068 795 3128 obtenta
819 3070 848 3128 in
871 3070 1028 3147 praemium
1049 3067 1166 3144 captiva

165 3151 286 3213 eandem
300 3148 550 3214 in'matrimonium
572 3152 731 3231 adsumpsit
751 3162 780 3212 et
802 3170 840 3212 ex
858 3170 893 3212 ea
908 3153 1008 3228 genuit
1021 3149 1165 3242 Hippoly-

120 3246 232 3299 totum.
262 3236 405 3297 llercules
429 3235 497 3316 post
519 3238 669 3297 victoriam
689 3235 876 3314 Melanippen
900 3237 1044 3314 captivam
1070 3232 1166 3293 sorori

166 3318 288 3378 reddidit
305 3329 335 3379 et
350 3322 471 3398 pretium
488 3339 566 3380 arma
580 3323 702 3398 reginae
717 3321 843 3397 accepit.
874 3318 970 3396 Atque
992 3320 1030 3377 ita
1051 3317 1165 3376 functus

87 3439 95 3454 ·
119 3403 286 3479 ‘adimperio
301 3402 337 3460 ad
353 3399 454 3479 regern
469 3406 635 3463 revertitur.
666 3403 724 3463 Sed
740 3401 870 3477 Orithya,
888 3401 936 3461 ubi
953 3403 1088 3479 conperit
1102 3398 1164 3458 bel-

165 3483 223 3541 lum
241 3482 390 3544 sororibus
406 3486 522 3546 inlatum
540 3496 568 3546 et
581 3496 729 3566 raptorem
744 3503 810 3545 esse
825 3485 1045 3582 Atheaignsium
1059 3482 1165 3565 princi·
