2442 3975
78 349 84 360 .
159 266 199 328 84
407 322 412 331 ,
462 305 465 311 .
502 253 763 315 occansonem·
1028 242 1153 295 illino

131 446 147 497 ι
220 407 249 489 8⁴.
270 425 350 485 Unus
363 419 536 500 erregibus
553 416 687 477 Indorum
705 414 775 486 luit,
789 410 880 469 Porus
895 406 1027 477 nomine,
1046 402 1154 462 viribus

131 512 293 588 tcorporis
316 515 345 565 et
366 507 449 565 animi
470 500 663 577 magnitudine
686 497 795 572 pariter
819 492 954 566 insignis,
976 488 1024 564 qui
1046 484 1154 544 bellum

160 597 215 653 iam
231 591 342 670 pridem
353 588 446 647 audita
457 582 616 644 Alexandri
632 580 768 656 opinione
783 577 812 633 in
828 571 1054 633 adventnmeius
1071 585 1153 645 para-

133 677 217 742 3bat.
256 672 417 732 Commisso
439 671 536 743 itaque
559 661 674 742 proelio
698 659 857 718 exercitum
879 673 959 715 suum
980 651 1154 711 Macedonas

162 757 299 818 invadere
314 752 409 827 iubet,
425 750 479 809 sibi
495 765 596 822 regam
613 761 713 804 eorum
727 742 868 820 privatum
883 737 997 796 hostem
1012 734 1153 811 deposcit.

133 839 224 905 allec
240 836 407 896 Alexander
421 849 536 911 pugnae
546 845 657 888 moram
670 825 756 884 iecit:
773 822 826 881 sed
841 822 929 899 prima
945 817 1155 894 congressione

162 909 313 981 vulnerato
341 933 416 994 equo
439 933 502 974 cum
530 926 675 990 praeceps
700 905 735 966 ad
759 914 864 963 terram
888 901 1061 974 decidisset,
1077 914 1154 956 con·

135 1016 249 1068 5onrsn
267 1000 422 1059 satellitum
444 1003 584 1055 servatur.
621 992 713 1051 Porus
735 987 835 1062 multis,
853 982 1019 1043 vulneribus
1039 981 1156 1039 obrutus

135 1086 284 1162 ecapitur.
307 1081 361 1154 Qui
377 1083 481 1140 victum
496 1096 529 1136 se
544 1076 619 1135 adeo
633 1073 739 1147 doluit,
755 1079 800 1144 ut,
817 1086 880 1127 cum
896 1067 1007 1125 veniam
1023 1064 1057 1123 ab
1073 1063 1157 1121 hoste

155 1168 345 1243 accepisset,
365 1180 460 1239 neque
477 1159 571 1219 cibum
590 1173 705 1216 sumere
724 1152 847 1212 voluerit
862 1167 955 1227 neque
971 1148 1091 1205 vulnera
1109 1162 1157 1202 cu·

163 1250 222 1308 rari
244 1263 347 1323 passus
368 1247 405 1304 sit
429 1258 577 1318 aegreque
601 1240 638 1298 sit
660 1237 695 1295 ab
716 1253 753 1293 eo
777 1233 940 1302 obtentum,
968 1238 998 1286 ut
1012 1227 1102 1286 vellet
1117 1227 1157 1284 vi·

137 1341 245 1395 trena.
281 1326 373 1397 Quem
394 1322 561 1384 Alexander
582 1319 620 1377 ob
643 1319 784 1375 bonorem
804 1312 921 1371 virtutis
936 1310 1110 1368 incolumem
1131 1310 1160 1366 in

136 1424 283 1486 &regnum
304 1407 422 1465 remisit.
454 1404 534 1462 Duas
556 1401 597 1460 ibi
618 1399 705 1458 urbes
728 1395 869 1466 condidit:
905 1409 989 1452 unam
1007 1391 1157 1464 Nicaean,

138 1492 286 1557 9alteram
301 1507 339 1547 ex
353 1489 465 1546 nomine
482 1485 550 1561 equi
562 1480 750 1558 Bucephalen
768 1478 894 1538 vocavit.
922 1475 992 1535 Inde
1007 1474 1159 1548 Adrestae,

167 1572 336 1647 Gatteanos,
350 1567 518 1640 Praesidae,
540 1564 719 1640 Gangaridas
746 1562 840 1620 caesis
863 1576 962 1617 eorum
983 1556 1160 1616 exercitibus

103 1662 321 1736 ,loexpugnat
354 1649 424 1710 Gom
439 1651 474 1712 ad
486 1650 638 1727 Sopitbcm
646 1647 793 1723 venisset,
814 1643 864 1701 ubi
886 1659 950 1699 eum
971 1640 1092 1699 hostium
1108 1634 1158 1695 GC

166 1737 243 1796 milia
261 1735 415 1813 [peditom,
430 1731 486 1791 XX
499 1729 589 1807 milia]
608 1730 734 1805 equitum
750 1723 991 1805 opperiebantur,
1014 1720 1159 1780 exercitus

168 1820 259 1878 omnis
274 1818 437 1897 conminus
454 1814 638 1873 victoriarum
654 1827 774 1870 numero
792 1826 875 1885 quam
897 1804 1044 1865 laboribus
1064 1803 1160 1861 lessus

126 1901 293 1968 1llacrimis
310 1917 373 1957 eum
388 1899 579 1975 deprecatur,
605 1894 690 1952 finem
712 1892 826 1952 tandem
847 1889 934 1949 bellis
951 1888 1077 1956 faceret3
1109 1884 1160 1942 ali·

168 1983 283 2062 qnando
310 1983 421 2059 patriae
447 1978 614 2054 reditusque
635 1976 827 2040 meminisset;
863 1972 1025 2050 respiceret
1045 1967 1162 2027 militum

125 2079 274 2141 mannos,
295 2062 397 2142 quibus
418 2064 467 2120 vix
487 2070 567 2120 aetas
594 2059 630 2118 ad
650 2059 773 2117 reditum
801 2055 958 2115 sufficeret.
999 2050 1162 2111 Ostendere

168 2149 241 2207 alins
267 2148 415 2220 canitiem,
436 2144 510 2203 alius
529 2141 668 2215 vulnera,
695 2142 767 2199 alius
790 2147 885 2198 aetate
910 2143 1077 2212 consumpta
1097 2149 1162 2191 cor·

76 2234 80 2242 “
127 2243 257 2309 13pora,
273 2229 345 2309 alius
363 2225 546 2286 cicatricibus
562 2223 716 2283 exhausta:
734 2222 814 2281 solos
830 2240 863 2295 se
879 2237 962 2295 esse,
980 2220 1026 2295 qni
1042 2217 1162 2276 duorum

140 2324 143 2331 ’
170 2330 287 2388 regum,
302 2310 427 2387 Philippi
448 2306 683 2382 Alexandrique,
707 2306 868 2363 continuam
889 2302 1013 2361 militiam
1035 2298 1162 2378 pertule-

128 2396 231 2462 rarius.
267 2391 394 2450 Tandem
412 2408 512 2465 orare,
539 2398 569 2447 ut
589 2384 727 2464 reliquias
754 2388 856 2446 saltem
879 2403 945 2444 suas
966 2384 1093 2462 paternis
1115 2399 1163 2440 se·

169 2473 299 2551 pulchris
316 2473 434 2548 reddat,
450 2489 569 2550 qnorum
590 2488 648 2530 ιιοιι
664 2480 725 2535 tam
737 2469 837 2528 studiis
853 2467 1001 2528 deiiciatur
1017 2483 1099 2543 quam
1114 2482 1163 2523 an·

128 2558 231 2645 lanis,
251 2573 295 2632 ac,
310 2557 345 2619 ‚si
365 2572 422 2614 non
442 2554 578 2623 militibus
598 2553 646 2612 vel
669 2554 726 2630 ipsi
746 2551 800 2610 sibi
821 2559 935 2629 parcat,
962 2569 999 2608 ne
1021 2550 1165 2608 fortunam

54 2698 60 2709 .
128 2650 250 2703 ltisuam
264 2638 346 2696 nimis
362 2636 509 2696 onerando
527 2637 638 2712 fatiget.
669 2634 828 2698 Motushis
847 2643 903 2692 tam
924 2634 1012 2692 iustis‘
1026 2630 1164 2709 precibus

170 2720 251 2779 velut
274 2721 302 2778 in
324 2719 409 2778 finem
429 2720 569 2779 victoriae
592 2727 687 2778 castra
716 2717 803 2775 solito
829 2715 1074 2792 magnificentiora
1100 2713 1165 2771 lieri

169 2804 268 2878 iussit,
291 2819 410 2879 quorum
428 2801 623 2860 molitionibus
645 2810 674 2859 et
694 2799 786 2858 bostis
806 2808 965 2858 terreretur
990 2807 1019 2857 et
1036 2797 1165 2874 posteris

129 2896 161 2951 17
169 2885 316 2945 admiratio
338 2885 382 2943 sui
401 2884 623 2961 relinqueretur.
652 2881 767 2941 Nullum
793 2899 866 2959 opus
882 2881 984 2945 laetius
1001 2880 1106 2938 milites
1121 2878 1164 2936 fe·

171 2986 250 3027 cere.
287 2967 388 3045 ltaque
409 2968 503 3028 caesis
524 2965 655 3026 bostibns
668 2982 731 3023 cnm
752 2965 943 3041 gratulatione
956 2964 984 3020 in
1000 2962 1102 3020 eadem
1118 2977 1163 3019 re·

172 3059 330 3110 verterunt.
488 3097 494 3106 .

144 3144 159 3194 1
234 3134 263 3194 9.
285 3133 355 3192 lnde
366 3132 533 3192 Alexander
547 3130 583 3189 ad
600 3147 709 3189 amnem
721 3129 879 3189 Acesinem
895 3128 1007 3203 pergit:
1023 3143 1077 3203 per
1089 3126 1167 3186 hunc

146 3216 202 3275 tin
221 3232 359 3273 oceanum
376 3215 541 3288 devehitur,
557 3217 606 3276 ubi
616 3216 786 3277 Accusanas
794 3210 950 3286 sibosque,
966 3227 1039 3288 quos
1054 3209 1166 3269 llercu·

144 3295 214 3358 bles
230 3297 371 3372 condidit,
394 3300 422 3354 in
437 3297 610 3357 deditionem
628 3295 752 3371 accepit.
787 3292 860 3351 Hinc
874 3293 902 3349 in
922 3290 1057 3351 Mandros
1070 3303 1100 3353 et
1112 3294 1167 3353 Su-

172 3377 276 3433 dracas
289 3379 419 3451 navigat,
441 3392 515 3455 quae
536 3387 640 3454 gentes
653 3394 715 3436 eum
737 3377 852 3434 armatis
866 3373 972 3437 LXXX
985 3375 1098 3433 milibus
1114 3392 1168 3451 pe·

145 3455 261 3513 Aditum
270 3465 305 3515 et
319 3457 369 3515 LX
385 3460 498 3519 milibus
513 3461 640 3536 equitum
657 3459 814 3536 excipiunt.
850 3453 922 3516 Cum
942 3458 1056 3536 proelio
1072 3459 1170 3516 victor
