2442 3975
67 222 175 278 xviia
322 261 327 268 .
421 232 723 279 unsaramma.
1005 216 1064 280 113

68 383 221 444 Dodonaei
237 383 316 444 lovis
332 383 369 443 ad
385 382 591 443 consulendum
610 383 755 456 venisset,
770 380 809 444 tsi
823 382 976 443 Lanassanr
993 399 1064 459 nep·

68 474 125 525 tem
133 465 267 526 Herculis
277 466 381 544 rapuit,
399 467 529 526 excuius
545 465 724 544 matrimonio
738 474 806 524 octo
818 464 927 524 liberos
941 464 1064 524 sustulit.

68 546 114 607 lix
134 548 179 607 fris
200 549 353 614 nonnullas
374 548 503 624 virgines
524 555 641 625 nuptum
661 547 790 623 finitimis
811 547 931 622 regibus
950 547 1092 609 tradidit5

68 647 202 708 opesque
216 631 400 690 adfinitatium
413 630 520 689 auxilio
530 646 648 705 magnas
663 631 788 706 paravit:
805 640 890 706 atque
905 632 945 689 ita
953 620 1095 688 lleleno'o

69 713 129 771 fllio
149 711 253 771 Priami
275 713 356 788 regis
375 710 413 771 ob
435 712 600 772 industriam
625 713 800 787 singularem
829 728 950 788 regnam
970 708 1064 770 Chao·

68 812 134 853 aum
151 802 181 853 et
192 794 415 855 Andromachen
430 794 564 854 Hectoris
578 795 786 854 ematrimouio
802 811 856 853 suo
872 797 963 872 (qnos
979 795 1007 852 ia
1023 793 1064 852 di·

68 878 183 936 vision
195 876 338 937 Troianae
349 878 478 955 praedae
493 877 669 954 acceperat)
682 894 803 936 uxorem
819 876 951 949 tradidit,
967 875 1090 940 brevi-'i

70 976 127 1036 que
140 968 212 1037 ‚post
225 968 358 1037 tempore
373 959 497 1036 Delplnis
511 959 622 1019 insidiis
637 957 761 1018 Orestae
778 958 829 1018 filii
841 959 1066 1035 Agamemnonis

69 1046 143 1101 inter
157 1042 258 1102 altaria
281 1042 329 1101 dei
350 1044 466 1102 interiit.
510 1043 674 1102 Successor
702 1040 768 1100 lruic
786 1036 882 1101 Piales
906 1041 981 1100 lilius
1005 1042 1118 1104 fuito,

69 1124 125 1185 l’er
143 1124 274 1184 ordinem
297 1124 402 1186 dein'de
425 1142 551 1200 regnans
566 1125 603 1183 ad
626 1122 786 1196 Tharybam
813 1123 977 1183 descendit:
1005 1124 1097 1199 cui„⁰,

68 1208 202 1285 quoniam
217 1206 344 1285 pupillus
361 1217 390 1267 et
408 1210 507 1267 unicus
522 1225 559 1266 ex
574 1214 662 1282 gente
673 1204 763 1265 nobili
776 1215 957 1284 superesset,
975 1207 1066 1265 inten-

68 1291 144 1349 tiore
160 1290 284 1348 omnium
299 1306 367 1349 cura
384 1289 518 1350 servandi
530 1290 592 1348 eius
605 1288 806 1367 educandique
820 1289 938 1367 publice
953 1297 1066 1350 tutores

70 1373 289 1432 constituuntur.
340 1372 470 1434 Athenas
502 1389 618 1450 quoque
643 1371 792 1432 erudiendi
819 1373 914 1448 gratio
946 1374 1061 1431 missas.
1075 1384 1107 1437 ll

70 1452 184 1526 Quanto
205 1454 321 1515 doctior
347 1455 504 1514 maioribus
519 1456 593 1531 suis,
609 1464 689 1514 tanto
710 1463 740 1513 et
754 1454 863 1545 pffulo
879 1456 989 1531 gratior
1002 1455 1064 1513 fait.

69 1535 179 1595 Primus
190 1538 289 1615 itaque
306 1537 390 1613 leges
403 1547 433 1597 et
448 1547 577 1597 senatum
589 1553 758 1613 annuosque
772 1539 956 1612 magistratus
975 1546 1006 1596 et
1019 1537 1063 1595 rei
1075 1547 1109 1598 12

27 1641 30 1646 ’
71 1619 206 1696 publicas
224 1619 344 1678 formam
361 1621 529 1697 conposuit:
557 1628 587 1678 et
611 1628 642 1679 ut
663 1636 679 1677 a
702 1620 795 1694 Pyrro
819 1618 923 1694 sedes,
948 1620 991 1678 sic
1006 1619 1063 1676 vita
1075 1630 1110 1682 13

70 1701 175 1760 cultior
189 1700 300 1778 populo
316 1718 333 1761 a
348 1700 482 1776 Tharyba
500 1710 615 1760 statuta.
650 1700 738 1760 linias
759 1700 833 1760 lilius
854 1699 1064 1779 Neoptolemus
1076 1712 1109 1764 14

70 1782 142 1857 frAt,
168 1799 206 1841 ex
228 1799 286 1860 quo
308 1792 374 1842 nata
397 1792 442 1842 est
457 1781 605 1860 Olympias
628 1792 719 1842 mater
733 1785 828 1859 magni
841 1783 1016 1857 Alexandri,
1037 1791 1066 1842 et

71 1863 255 1940 Alexander,
282 1865 330 1943 qui
352 1874 419 1943 post
439 1882 504 1924 eum
527 1882 649 1942 regnum
662 1864 745 1942 Epiri
768 1866 858 1926 tenuit
882 1874 912 1924 et
934 1867 961 1924 in
980 1864 1062 1923 ltalia
1074 1879 1108 1928 15

71 1945 151 2015 bollo
166 1957 252 2026 gesto
269 1949 298 2008 irr
312 1947 428 2008 Bruttiis
442 1947 558 2008 inte'riit.
588 1948 660 2008 Post
674 1949 736 2008 eius
749 1957 871 2008 mortem
887 1949 976 2008 frater
986 1947 1062 2007 Aea·
1075 1956 1109 2010 16

18 2082 21 2086 .
72 2032 154 2092 cides
173 2049 266 2108 regno
282 2032 436 2106 successit,
454 2033 502 2109 qui
515 2031 643 2091 adsiduis
659 2031 799 2093 adversus
811 2030 988 2093 lfacedonas
1003 2030 1065 2089 bel·

72 2114 166 2174 lorum
186 2114 389 2175 certaminibus
403 2114 541 2193 populum
562 2114 709 2191 fatigando
724 2114 863 2173 offensam
880 2114 983 2173 civium
998 2130 1065 2171 con·

72 2197 158 2258 traxit
170 2214 206 2257 ac
218 2206 376 2276 propterea
391 2198 419 2256 io
431 2197 637 2257 eriliumactns
657 2197 776 2271 Pyrrum
797 2196 884 2255 lilium
897 2202 1008 2256 unicum
1015 2195 1063 2255 ad·
1076 2206 1107 2260 17

11 2303 14 2307 ’
72 2279 350 2358 modnm'parvulum
361 2280 390 2339 in
400 2296 493 2355 regno
504 2281 630 2356 reliquit.
652 2280 708 2353 Qui
718 2288 749 2338 et
763 2280 839 2357 ipse,
852 2297 916 2338 conr
926 2296 942 2337 a
954 2277 1063 2356 populo
1077 2288 1110 2342 18

73 2371 197 2442 propter
213 2365 308 2423 odiam
326 2364 417 2441 patris
432 2364 467 2422 ad
481 2381 584 2422 necem
599 2371 805 2440 quaereretur,
820 2362 916 2439 furtim
937 2360 1066 2420 subtrac-

71 2454 118 2512 tos
136 2446 164 2504 in
178 2444 295 2520 Illyrios
312 2446 441 2505 defertur
454 2446 632 2522 traditusque
646 2453 691 2504 est
704 2444 818 2504 Beroac
829 2443 964 2503 Glauciae
984 2445 1063 2520 regis
1075 2454 1109 2508 19

45 2556 58 2573 ·
73 2530 156 2587 uxori
171 2528 354 2604 nutriendus,
377 2546 452 2606 quae
470 2538 500 2591 et
515 2530 578 2606 ipsa
590 2545 685 2604 genus
699 2526 889 2587 Aeacidarum
906 2535 978 2586 erat.
1020 2525 1064 2585 lbi
1074 2537 1109 2589 it

74 2616 139 2671 cunr
155 2628 209 2669 seu
224 2611 424 2671 misericordia
444 2611 577 2670 fortunae
608 2612 670 2670 eius
692 2628 745 2670 seu
767 2610 942 2669 infantilibus
957 2609 1066 2669 blandi·

73 2692 175 2755 meotis
193 2693 326 2752 inductus
347 2712 402 2753 rex
429 2693 581 2752 adversum
600 2692 793 2763 Cassandrum
812 2692 1001 2753 Macedoniae
1021 2709 1067 2750 re·

72 2791 157 2852 gem,
181 2775 308 2850 quicum
323 2774 375 2833 sub
390 2774 461 2834 belli
483 2776 703 2835 comminatione
722 2775 918 2854 deposcebat,
933 2774 981 2833 diu
999 2789 1066 2849 pro·

74 2856 163 2928 texit,
180 2854 277 2914 addito
300 2856 329 2914 in
350 2857 486 2917 auxilium
502 2859 590 2916 etiam
609 2858 772 2935 adoptionis
799 2858 907 2917 officio.
953 2853 1064 2926 Quibus
1074 2864 1103 2916 21

74 2936 163 2997 rebus
176 2939 245 3017 moti
260 2937 401 3015 Epirotae
414 2939 483 3009 odio
498 2940 526 2997 in
538 2940 863 3015 misericordiamuverso
879 2954 1016 2998 annorum
1026 2934 1067 2993 Xl

75 3038 139 3079 eom
154 3020 182 3078 in
193 3039 314 3098 regnum
327 3031 550 3096 revocaverunt,
570 3022 644 3081 datis
656 3021 809 3096 tutoribus,
825 3022 872 3097 qui
887 3036 1005 3095 regnum
1020 3036 1071 3077 us-,

74 3120 131 3180 que
156 3104 280 3162 adultam
298 3104 365 3163 eius
393 3112 517 3167 aetatem
541 3114 699 3164 tuerentur.
750 3104 933 3163 Adulescens
958 3101 1111 3163 deindeffl

24 3244 27 3247 ,
75 3184 161 3243 multa
177 3184 257 3244 bella
274 3187 367 3261 gessit
386 3196 537 3264 tantusque
554 3206 649 3246 rerum
672 3204 813 3246 successu
827 3185 928 3245 haberi
944 3193 1066 3260 coeptus

75 3274 138 3407 pst,
156 3275 185 3324 ut
200 3266 373 3356 Tarentinos
393 3269 474 3329 solus
494 3271 636 3329 adversus
651 3268 797 3329 Romanos
821 3269 894 3328 tueri
916 3282 1005 3345 posse
1026 3267 1066 3323 vi·

96 3355 201 3411 eretur.

64 3573 69 3581 ,
117 3498 277 3573 werinus.
809 3567 811 3571 ,
891 3516 909 3575 8
