2442 3975
100 256 166 310 xlv
180 261 236 313 aa
439 268 532 317 rursu.
550 271 644 319 Parc.
661 273 752 319 irem.
1061 266 1101 328 99

165 421 194 482 3.
221 420 266 480 Ad
282 429 460 500 postremum
485 441 548 482 cum
566 423 740 500 Antigonum
761 428 862 486 venire
885 446 949 488 cum
970 433 1128 496 exercitur

99 506 255 564 nuntiatum
277 514 374 580 esset,
398 505 539 583 conpellit
569 508 597 565 in
620 509 713 567 aciem
735 510 928 570 descendere.
970 512 1014 572 lbi
1035 513 1129 578 duma

98 589 180 647 ducis
202 589 324 665 imperia
346 598 545 664 contemnunt,
568 590 693 650 hostium
715 594 821 656 virtute
845 605 1026 672 superantur.
1066 598 1128 663 Ins

98 689 134 730 eo
150 671 266 748 proelio
282 689 339 731 non
361 671 484 748 gloriam
500 683 607 732 tautum
623 683 665 733 tot
682 674 827 736 beliorum
848 695 912 737 cum
929 680 1100 755 coniugibus

97 762 127 813 et
153 753 271 829 liberis,
294 755 347 814 sed
369 764 398 814 et
416 758 542 834 praemia
564 757 652 834 longa
673 759 772 819 militia
795 770 877 838 parta
900 761 1098 839 perdiderunt.

97 837 157 898 Sed
171 835 334 914 Eumenes,
359 840 408 917 qui
430 849 532 899 auctor
554 841 646 901 cladis
666 851 728 900 erat
749 862 804 903 nec
820 844 905 904 aiiam
920 863 1002 923 spem
1021 846 1126 910 sain-4
1204 847 1206 856 '

95 922 132 979 tis
147 920 288 999 reliquam
304 922 448 999 habebat,
464 925 560 983 victos
574 924 752 985 hortabatur.
788 926 860 986 Nam
876 937 905 987 et
922 930 1028 988 virtute
1046 943 1126 993 eost

96 1005 266 1083 superiores
281 1004 372 1065 fuisse
392 1005 575 1068 adfirmabat:
598 1003 707 1086 quip'pe
722 1010 758 1068 ab
776 1009 821 1069 his
838 1012 864 1071 V
879 1012 957 1072 milia
972 1012 1098 1072 hostium

96 1106 201 1163 caesa,
227 1097 257 1146 ct
280 1090 305 1148 si
325 1089 354 1147 in
375 1089 454 1148 bello
476 1100 624 1168 perstent,
656 1092 732 1151 ultro
748 1093 850 1156 hostes
872 1112 976 1172 pacem
992 1096 1096 1172 petitu·

94 1189 153 1231 ros.
189 1171 316 1247 Damna,
340 1172 444 1251 quibus
465 1191 498 1233 se
518 1177 613 1234 victos
634 1183 751 1252 puteat,
773 1177 924 1238 duomilia
944 1177 1122 1243 mulierum6

95 1264 124 1314 et
148 1273 258 1333 paucos
278 1256 402 1317 inientes
424 1266 453 1317 et
476 1259 594 1317 seruitia
616 1276 700 1334 esse,
731 1277 805 1337 quae
827 1261 930 1320 melius
950 1262 1094 1322 vincendo

94 1340 206 1416 possint
236 1357 373 1418 reparare
405 1358 489 1418 quam
519 1342 686 1402 deserendo
713 1344 875 1407 victoriam.
919 1344 1012 1404 Porro
1041 1344 1128 1416 Art,

93 1423 267 1501 gyraspidcs
288 1442 385 1501 neque
403 1425 501 1501 fugam
528 1444 560 1484 se
583 1434 774 1504 temptaturos
790 1426 888 1487 dicum
909 1438 977 1505 post
993 1428 1094 1490 damna

93 1507 328 1582 patrimoniorum
344 1517 373 1566 et
389 1518 457 1586 post
472 1510 614 1587 coniuges
630 1512 767 1586 amissas,
788 1528 883 1588 neque
899 1511 1009 1571 bellum
1025 1529 1093 1587 ges·

93 1598 174 1649 turos
201 1599 301 1651 contra
324 1590 435 1649 liberos
462 1609 547 1660 su0s;
578 1593 712 1669 ultroque
733 1611 799 1651 eum
821 1594 954 1653 convitiis
973 1595 1123 1669 agitante

93 1673 171 1749 quod
193 1691 226 1732 se
241 1681 309 1749 post
330 1682 373 1732 tot
396 1692 486 1733 annos
503 1676 687 1733 emeritorum
709 1676 917 1753 stipendiorum
937 1677 1093 1736 redeuutes

93 1754 206 1814 domum
229 1773 292 1814 cum
314 1757 451 1832 praemiis
473 1767 515 1816 tot
537 1758 681 1817 beliorum
703 1758 739 1818 ab
755 1760 819 1836 ipsa
834 1760 972 1819 missione
992 1777 1093 1819 rursus

92 1840 121 1897 in
137 1855 239 1899 novam
255 1838 382 1898 militiam
396 1841 582 1917 inmensaque
598 1841 678 1901 bella
691 1846 893 1916 revocaverit,
911 1852 941 1902 et
955 1861 972 1902 a
985 1842 1121 1906 laribusii

92 1924 146 1981 iam
170 1921 295 2001 quodam
315 1922 402 1981 modo
423 1924 482 1981 suis
499 1933 527 1983 et
552 1925 587 1984 ab
611 1926 678 2003 ipso
701 1926 798 1984 limine
813 1927 925 2004 patriae
951 1925 1093 1985 abductos

92 2006 222 2067 inanibus
244 2008 395 2085 promissis
410 2007 577 2086 deceperit:
603 2026 679 2067 nuuc
698 2026 815 2088 quoque
832 2010 945 2070 amissis
961 2008 1092 2075 omnibus
1102 2022 1136 2074 10

91 2089 187 2150 felicis
202 2091 319 2151 miiitiae
337 2090 505 2168 quaestibus
516 2110 553 2150 ne
570 2092 664 2151 victos
680 2092 795 2170 quidem
807 2095 835 2152 in
843 2094 961 2152 miseria
970 2101 1001 2151 et
1012 2092 1092 2168 inopi

91 2182 211 2233 senecta
233 2175 388 2251 quiescere
410 2175 494 2238 sinat.
542 2175 656 2252 Ignaris
671 2175 776 2235 deinde
798 2174 919 2236 ducibus
935 2175 1088 2236 confestim
1101 2185 1132 2237 ll

91 2257 127 2316 ad
146 2255 322 2333 Antigonum
336 2257 452 2335 legatos
468 2260 579 2318 mittunt
593 2267 745 2337 petentes,
769 2267 799 2318 ut
814 2276 866 2319 sua
883 2259 965 2319 reddi
982 2258 1089 2318 iubeat.

90 2339 119 2399 Is
136 2341 313 2401 redditurum
329 2359 362 2400 se
379 2341 551 2420 pollicetur,
574 2344 599 2401 si
614 2341 764 2407 Eumenen
793 2342 849 2402 sibi
863 2343 985 2403 tradant.
1020 2340 1133 2413 Qui-12

19 2485 27 2495 ,
89 2423 144 2484 bus
175 2426 299 2502 cognitis
320 2423 466 2485 Eumenes
498 2445 562 2486 cum
583 2426 684 2504 paucis
713 2426 816 2501 fugere
839 2426 1005 2504 temptauit:
1037 2424 1090 2484 sed

89 2517 252 2584 retractus,
284 2507 448 2587 desperatis
476 2510 583 2584 rebus,
622 2528 685 2568 cum
715 2526 874 2569 concursus
905 2508 1090 2569 multitudinis

90 2591 183 2650 iactus
207 2600 304 2667 essct,
335 2594 407 2670 petit
437 2602 467 2652 ut
496 2603 674 2672 postremum
701 2591 756 2651 sibi
782 2592 899 2671 adloqui
932 2594 1091 2653 exercitum

91 2674 205 2733 liceret.

62 2753 94 2811 ia
108 2778 122 2791 a
137 2758 183 2817 ·4.
212 2755 310 2815 Iussus
333 2757 368 2815 ab
391 2758 533 2817 universis
556 2759 655 2818 dicere
682 2758 762 2819 facto
788 2759 904 2819 silentio
925 2759 1115 2834 laxatisquel

89 2839 214 2897 vinculis
237 2839 394 2917 prolatam,
425 2841 500 2899 sicut
524 2851 586 2902 erat
614 2852 780 2917 catenatus,
810 2859 921 2901 manum
946 2839 1086 2900 ostendit:

90 2920 251 2999 ‘Cercitis,
277 2922 399 2983 milites'
432 2924 539 3000 inquit,
554 2925 700 2985 ‘habitum
717 2935 803 3003 atque
819 2932 985 2984 ornamenta
1007 2920 1116 2980 ducis2

90 3007 197 3082 vestri,
222 3023 296 3084 quae
315 3007 383 3067 mihi
398 3023 455 3066 nou
468 3006 592 3067 hostium
608 3011 759 3087 quisquam
781 3009 924 3086 inposuit:
950 3003 1088 3063 namhoc

91 3090 175 3149 etiam
196 3092 224 3150 in
244 3090 356 3152 solacio
372 3091 465 3150 ioret:
489 3108 544 3150 vos
560 3108 607 3152 me
626 3110 664 3151 ex
689 3093 800 3151 victore
821 3091 942 3162 victum,
965 3103 1019 3145 vos
1040 3093 1116 3146 med

90 3191 128 3233 ex
141 3176 317 3252 imperatore
334 3175 479 3253 captivum
496 3174 623 3242 iecistis;
648 3183 749 3252 quater
765 3173 926 3233 intrahunc
940 3187 1042 3230 annum
1059 3169 1087 3226 in

89 3274 155 3316 mea
170 3258 261 3317 verba
279 3258 474 3319 iureiurando
490 3258 623 3318 obstricti
640 3259 720 3317 estis.
745 3257 805 3317 Sed
824 3258 879 3316 ista
898 3253 1014 3315 omitto:
1036 3257 1116 3310 nra-4

90 3357 147 3417 que
164 3342 238 3399 enim
253 3341 377 3401 miseros
398 3333 522 3401 convitia
541 3342 660 3401 decent:
685 3357 770 3400 unum
786 3356 855 3416 oro,
880 3339 904 3400 si
919 3335 1115 3417 proposito-5

87 3440 152 3481 rum
163 3422 304 3499 'Antigoni
326 3425 355 3482 in
374 3440 439 3484 meo
462 3427 559 3503 capite
580 3441 688 3483 summa
705 3423 852 3498 consistit,
879 3424 955 3482 inter
967 3434 1027 3480 uos
1041 3436 1088 3477 me

88 3506 188 3566 velitis
203 3507 285 3565 mori.
324 3506 397 3568 Nam
416 3524 513 3585 neque
527 3506 604 3567 illius
625 3509 764 3581 interest,
786 3504 1025 3645 quemaqiqnodum
1040 3507 1116 3561 auto
