<?xml version="1.0" encoding="UTF-8"?>
<!DOCTYPE html PUBLIC "-//W3C//DTD XHTML 1.0 Transitional//EN"
    "http://www.w3.org/TR/xhtml1/DTD/xhtml1-transitional.dtd">
<html xmlns="http://www.w3.org/1999/xhtml" xml:lang="en" lang="en">
 <head>
  <title>
</title>
<meta http-equiv="Content-Type" content="text/html;charset=utf-8" />
  <meta name='ocr-system' content='tesseract 3.04.00' />
  <meta name='ocr-capabilities' content='ocr_page ocr_carea ocr_par ocr_line ocrx_word'/>
</head>
<body>
  <div class='ocr_page' id='page_1' title='image "./iustinustrogipo00troggoog_0062.png"; bbox 0 0 2442 3975; ppageno 0'>
   <div class='ocr_carea' id='block_1_1' title="bbox 145 187 784 251">
    <p class='ocr_par' dir='ltr' id='par_1_1' title="bbox 145 151 1213 266">
     <span class='ocr_line' id='line_1_1' title="bbox 145 187 784 251; baseline -0.002 0"><span class='ocrx_word' id='word_1_1' title='bbox 145 188 185 251; x_wconf 83' lang='lat'>38</span> <span class='ocrx_word' id='word_1_2' title='bbox 516 187 558 251; x_wconf 81' lang='lat' dir='ltr'>&#39;m</span> <span class='ocrx_word' id='word_1_3' title='bbox 580 200 716 251; x_wconf 76' lang='lat' dir='ltr'>murrum</span> <span class='ocrx_word' id='word_1_4' title='bbox 733 200 784 251; x_wconf 83' lang='lat' dir='ltr'>vr.</span> 
     </span>
    </p>
   </div>
   <div class='ocr_carea' id='block_1_2' title="bbox 36 271 1214 3541">
    <p class='ocr_par' dir='ltr' id='par_1_2' title="bbox 36 271 1214 3541">
     <span class='ocr_line' id='line_1_2' title="bbox 1212 271 1213 302; baseline 0 0"><span class='ocrx_word' id='word_1_5' title='bbox 1212 271 1213 302; x_wconf 82' lang='lat' dir='ltr'>t</span> 
     </span>
     <span class='ocr_line' id='line_1_3' title="bbox 871 311 1213 338; baseline 0 0"><span class='ocrx_word' id='word_1_6' title='bbox 871 315 875 321; x_wconf 96' lang='grc'><em>“</em></span> <span class='ocrx_word' id='word_1_7' title='bbox 1212 311 1213 338; x_wconf 83' lang='lat' dir='ltr'>t</span> 
     </span>
     <span class='ocr_line' id='line_1_4' title="bbox 140 359 1213 433; baseline 0.002 -13"><span class='ocrx_word' id='word_1_8' title='bbox 140 361 230 420; x_wconf 62' lang='lat' dir='ltr'>&#39;alieni</span> <span class='ocrx_word' id='word_1_9' title='bbox 248 361 317 417; x_wconf 86' lang='lat' dir='ltr'>beili</span> <span class='ocrx_word' id='word_1_10' title='bbox 333 360 448 417; x_wconf 88' lang='lat' dir='ltr'>tumultu</span> <span class='ocrx_word' id='word_1_11' title='bbox 466 360 613 433; x_wconf 79' lang='lat' dir='ltr'>exterique</span> <span class='ocrx_word' id='word_1_12' title='bbox 633 360 712 431; x_wconf 82' lang='lat' dir='ltr'>regis</span> <span class='ocrx_word' id='word_1_13' title='bbox 732 359 839 419; x_wconf 85' lang='lat' dir='ltr'>invidia</span> <span class='ocrx_word' id='word_1_14' title='bbox 856 359 968 433; x_wconf 84' lang='lat' dir='ltr'>impune</span> <span class='ocrx_word' id='word_1_15' title='bbox 986 365 1161 433; x_wconf 83' lang='lat' dir='ltr'>grassantur.</span> <span class='ocrx_word' id='word_1_16' title='bbox 1212 361 1213 422; x_wconf 57' lang='lat' dir='ltr'>i</span> 
     </span>
     <span class='ocr_line' id='line_1_5' title="bbox 145 427 1213 517; baseline -0.001 -16"><span class='ocrx_word' id='word_1_17' title='bbox 145 449 222 505; x_wconf 80' lang='lat' dir='ltr'>Cart.</span> <span class='ocrx_word' id='word_1_18' title='bbox 248 444 309 501; x_wconf 86' lang='lat' dir='ltr'>VII</span> <span class='ocrx_word' id='word_1_19' title='bbox 320 451 348 515; x_wconf 83' lang='lat'>7,</span> <span class='ocrx_word' id='word_1_20' title='bbox 370 453 400 503; x_wconf 88' lang='lat'>11</span> <span class='ocrx_word' id='word_1_21' title='bbox 422 451 552 517; x_wconf 90' lang='lat' dir='ltr'>quantum</span> <span class='ocrx_word' id='word_1_22' title='bbox 575 444 604 499; x_wconf 88' lang='lat' dir='ltr'>in</span> <span class='ocrx_word' id='word_1_23' title='bbox 625 444 707 500; x_wconf 90' lang='lat' dir='ltr'>nobis</span> <span class='ocrx_word' id='word_1_24' title='bbox 723 445 806 500; x_wconf 88' lang='lat' dir='ltr'>animi</span> <span class='ocrx_word' id='word_1_25' title='bbox 825 444 880 515; x_wconf 88' lang='lat' dir='ltr'>sit,</span> <span class='ocrx_word' id='word_1_26' title='bbox 897 445 991 501; x_wconf 86' lang='lat' dir='ltr'>alieno</span> <span class='ocrx_word' id='word_1_27' title='bbox 1006 446 1095 502; x_wconf 81' lang='lat' dir='ltr'>Marte</span> <span class='ocrx_word' id='word_1_28' title='bbox 1110 464 1162 502; x_wconf 85' lang='lat' dir='ltr'>ex·</span> <span class='ocrx_word' id='word_1_29' title='bbox 1212 427 1213 500; x_wconf 73' lang='lat' dir='ltr'>i</span> 
     </span>
     <span class='ocr_line' id='line_1_6' title="bbox 144 528 1162 605; baseline -0.002 -18"><span class='ocrx_word' id='word_1_30' title='bbox 144 530 298 605; x_wconf 80' lang='lat' dir='ltr'>pariuntur.</span> <span class='ocrx_word' id='word_1_31' title='bbox 327 528 389 586; x_wconf 81' lang='lat' dir='ltr'>VII</span> <span class='ocrx_word' id='word_1_32' title='bbox 399 534 434 599; x_wconf 81' lang='lat'>4,</span> <span class='ocrx_word' id='word_1_33' title='bbox 455 536 489 589; x_wconf 82' lang='lat'>35</span> <span class='ocrx_word' id='word_1_34' title='bbox 510 528 636 584; x_wconf 82' lang='lat' dir='ltr'>alienum</span> <span class='ocrx_word' id='word_1_35' title='bbox 651 528 801 584; x_wconf 76' lang='lat' dir='ltr'>discrimen</span> <span class='ocrx_word' id='word_1_36' title='bbox 817 528 941 585; x_wconf 86' lang='lat' dir='ltr'>secuturi</span> <span class='ocrx_word' id='word_1_37' title='bbox 963 535 990 583; x_wconf 89' lang='lat' dir='ltr'>et</span> <span class='ocrx_word' id='word_1_38' title='bbox 1003 532 1033 584; x_wconf 90' lang='lat' dir='ltr'>in</span> <span class='ocrx_word' id='word_1_39' title='bbox 1047 535 1162 585; x_wconf 89' lang='lat' dir='ltr'>centra·</span> 
     </span>
     <span class='ocr_line' id='line_1_7' title="bbox 145 611 1162 686; baseline -0.001 -15"><span class='ocrx_word' id='word_1_40' title='bbox 145 619 216 672; x_wconf 75' lang='lat' dir='ltr'>mam</span> <span class='ocrx_word' id='word_1_41' title='bbox 232 619 344 686; x_wconf 80' lang='lat' dir='ltr'>partem</span> <span class='ocrx_word' id='word_1_42' title='bbox 358 612 428 669; x_wconf 83' lang='lat' dir='ltr'>Iust.</span> <span class='ocrx_word' id='word_1_43' title='bbox 444 613 540 668; x_wconf 85' lang='lat' dir='ltr'><em>&#39;XXX</em></span> <span class='ocrx_word' id='word_1_44' title='bbox 544 611 623 668; x_wconf 88' lang='lat' dir='ltr'><em>VIII</em></span> <span class='ocrx_word' id='word_1_45' title='bbox 636 617 671 681; x_wconf 85' lang='lat'>4,</span> <span class='ocrx_word' id='word_1_46' title='bbox 692 619 725 672; x_wconf 87' lang='lat'>16</span> <span class='ocrx_word' id='word_1_47' title='bbox 740 630 775 668; x_wconf 91' lang='lat' dir='ltr'>ne</span> <span class='ocrx_word' id='word_1_48' title='bbox 789 618 939 669; x_wconf 85' lang='lat' dir='ltr'>vacaturos</span> <span class='ocrx_word' id='word_1_49' title='bbox 958 612 1070 683; x_wconf 89' lang='lat' dir='ltr'>quidem</span> <span class='ocrx_word' id='word_1_50' title='bbox 1082 614 1162 670; x_wconf 81' lang='lat' dir='ltr'>bello</span> 
     </span>
     <span class='ocr_line' id='line_1_8' title="bbox 144 694 1162 771; baseline -0.002 -16"><span class='ocrx_word' id='word_1_51' title='bbox 144 715 196 757; x_wconf 90' lang='lat' dir='ltr'>suo</span> <span class='ocrx_word' id='word_1_52' title='bbox 270 695 440 771; x_wconf 83' lang='lat' dir='ltr'>proemioA</span> <span class='ocrx_word' id='word_1_53' title='bbox 509 696 658 768; x_wconf 79' lang='lat' dir='ltr'>priorisA</span> <span class='ocrx_word' id='word_1_54' title='bbox 725 697 968 753; x_wconf 68' lang='lat' dir='ltr'>consecuturoeat</span> <span class='ocrx_word' id='word_1_55' title='bbox 1037 694 1091 769; x_wconf 81' lang='lat'>§7</span> <span class='ocrx_word' id='word_1_56' title='bbox 1114 714 1162 753; x_wconf 87' lang='lat' dir='ltr'>re-</span> 
     </span>
     <span class='ocr_line' id='line_1_9' title="bbox 145 778 1159 853; baseline -0.005 -12"><span class='ocrx_word' id='word_1_57' title='bbox 145 785 271 840; x_wconf 89' lang='lat' dir='ltr'>stiturum</span> <span class='ocrx_word' id='word_1_58' title='bbox 285 785 311 837; x_wconf 88' lang='grc' dir='ltr'><em>Α</em></span> <span class='ocrx_word' id='word_1_59' title='bbox 375 778 397 853; x_wconf 73' lang='lat'>§</span> <span class='ocrx_word' id='word_1_60' title='bbox 411 786 429 841; x_wconf 87' lang='lat'>8</span> <span class='ocrx_word' id='word_1_61' title='bbox 451 780 675 837; x_wconf 82' lang='lat' dir='ltr'>coniunctionem</span> <span class='ocrx_word' id='word_1_62' title='bbox 691 780 716 835; x_wconf 84' lang='grc' dir='ltr'><em>Α</em></span> <span class='ocrx_word' id='word_1_63' title='bbox 778 797 849 853; x_wconf 82' lang='lat' dir='ltr'>neve</span> <span class='ocrx_word' id='word_1_64' title='bbox 870 786 912 836; x_wconf 87' lang='lat' dir='ltr'>tot</span> <span class='ocrx_word' id='word_1_65' title='bbox 933 781 1014 853; x_wconf 72' lang='lat' dir='ltr'>Bona</span> <span class='ocrx_word' id='word_1_66' title='bbox 1027 782 1107 838; x_wconf 82' lang='lat' dir='ltr'>Dueb</span> <span class='ocrx_word' id='word_1_67' title='bbox 1124 783 1159 836; x_wconf 71' lang='lat' dir='ltr'>F.</span> 
     </span>
     <span class='ocr_line' id='line_1_10' title="bbox 145 860 1162 937; baseline -0.005 -13"><span class='ocrx_word' id='word_1_68' title='bbox 145 884 182 924; x_wconf 89' lang='lat' dir='ltr'>ne</span> <span class='ocrx_word' id='word_1_69' title='bbox 202 873 232 922; x_wconf 93' lang='lat' dir='ltr'>ut</span> <span class='ocrx_word' id='word_1_70' title='bbox 253 872 295 922; x_wconf 91' lang='lat' dir='ltr'>tot</span> <span class='ocrx_word' id='word_1_71' title='bbox 314 864 427 921; x_wconf 76' lang='grc' dir='ltr'><em>ΑΒΜ.</em></span> <span class='ocrx_word' id='word_1_72' title='bbox 464 871 530 920; x_wconf 89' lang='lat' dir='ltr'>nent</span> <span class='ocrx_word' id='word_1_73' title='bbox 550 863 632 919; x_wconf 77' lang='lat' dir='ltr'>tot-G</span> <span class='ocrx_word' id='word_1_74' title='bbox 652 860 679 937; x_wconf 91' lang='lat' dir='ltr'>(t</span> <span class='ocrx_word' id='word_1_75' title='bbox 696 860 797 937; x_wconf 76' lang='lat' dir='ltr'>eras).</span> <span class='ocrx_word' id='word_1_76' title='bbox 821 881 874 920; x_wconf 92' lang='lat' dir='ltr'>neu</span> <span class='ocrx_word' id='word_1_77' title='bbox 896 870 938 921; x_wconf 91' lang='lat' dir='ltr'>tot</span> <span class='ocrx_word' id='word_1_78' title='bbox 955 864 1038 921; x_wconf 81' lang='lat' dir='ltr'>CEM</span> <span class='ocrx_word' id='word_1_79' title='bbox 1105 863 1162 937; x_wconf 76' lang='lat'>§9</span> 
     </span>
     <span class='ocr_line' id='line_1_11' title="bbox 144 942 1160 1023; baseline -0.004 -15"><span class='ocrx_word' id='word_1_80' title='bbox 144 951 243 1008; x_wconf 89' lang='lat' dir='ltr'>eadem</span> <span class='ocrx_word' id='word_1_81' title='bbox 254 949 369 1005; x_wconf 86' lang='lat' dir='ltr'>militum</span> <span class='ocrx_word' id='word_1_82' title='bbox 383 955 411 1004; x_wconf 91' lang='lat' dir='ltr'>et</span> <span class='ocrx_word' id='word_1_83' title='bbox 426 949 546 1005; x_wconf 88' lang='lat' dir='ltr'>omnium</span> <span class='ocrx_word' id='word_1_84' title='bbox 561 964 659 1019; x_wconf 84' lang='lat' dir='ltr'>regum</span> <span class='ocrx_word' id='word_1_85' title='bbox 674 965 740 1004; x_wconf 88' lang='lat' dir='ltr'>eure</span> <span class='ocrx_word' id='word_1_86' title='bbox 760 954 829 1019; x_wconf 89' lang='lat' dir='ltr'>erat,</span> <span class='ocrx_word' id='word_1_87' title='bbox 847 964 916 1019; x_wconf 87' lang='lat' dir='ltr'>quos</span> <span class='ocrx_word' id='word_1_88' title='bbox 932 950 1012 1020; x_wconf 73' lang='lat' dir='ltr'>Bona</span> <span class='ocrx_word' id='word_1_89' title='bbox 1024 942 1104 1005; x_wconf 81' lang='lat' dir='ltr'>Dueb</span> <span class='ocrx_word' id='word_1_90' title='bbox 1118 947 1160 1023; x_wconf 84' lang='lat' dir='ltr'>(m</span> 
     </span>
     <span class='ocr_line' id='line_1_12' title="bbox 143 1029 1163 1105; baseline -0.003 -13"><span class='ocrx_word' id='word_1_91' title='bbox 143 1034 259 1092; x_wconf 84' lang='lat' dir='ltr'>militum</span> <span class='ocrx_word' id='word_1_92' title='bbox 274 1034 381 1089; x_wconf 76' lang='lat' dir='ltr'>uncinus</span> <span class='ocrx_word' id='word_1_93' title='bbox 391 1029 514 1105; x_wconf 87' lang='lat' dir='ltr'>inclusa)</span> <span class='ocrx_word' id='word_1_94' title='bbox 529 1032 590 1087; x_wconf 78' lang='lat' dir='ltr'>EF.</span> <span class='ocrx_word' id='word_1_95' title='bbox 616 1031 712 1088; x_wconf 88' lang='lat' dir='ltr'>eadem</span> <span class='ocrx_word' id='word_1_96' title='bbox 728 1038 756 1088; x_wconf 89' lang='lat' dir='ltr'>et</span> <span class='ocrx_word' id='word_1_97' title='bbox 771 1032 891 1088; x_wconf 86' lang='lat' dir='ltr'>omniurn</span> <span class='ocrx_word' id='word_1_98' title='bbox 904 1049 1001 1103; x_wconf 85' lang='lat' dir='ltr'>regum</span> <span class='ocrx_word' id='word_1_99' title='bbox 1018 1050 1084 1090; x_wconf 84' lang='lat' dir='ltr'>curu</span> <span class='ocrx_word' id='word_1_100' title='bbox 1099 1040 1163 1089; x_wconf 87' lang='lat' dir='ltr'>erat</span> 
     </span>
     <span class='ocr_line' id='line_1_13' title="bbox 144 1114 1162 1190; baseline 0 -17"><span class='ocrx_word' id='word_1_101' title='bbox 144 1134 214 1190; x_wconf 87' lang='lat' dir='ltr'>quos</span> <span class='ocrx_word' id='word_1_102' title='bbox 227 1118 253 1173; x_wconf 85' lang='lat' dir='ltr'><em>R</em></span> <span class='ocrx_word' id='word_1_103' title='bbox 267 1114 311 1188; x_wconf 84' lang='lat' dir='ltr'>(B</span> <span class='ocrx_word' id='word_1_104' title='bbox 322 1133 420 1187; x_wconf 75' lang='lat' dir='ltr'>regum</span> <span class='ocrx_word' id='word_1_105' title='bbox 428 1118 523 1183; x_wconf 77' lang='lat' dir='ltr'>carisii,</span> <span class='ocrx_word' id='word_1_106' title='bbox 537 1115 588 1171; x_wconf 84' lang='lat' dir='ltr'>sed</span> <span class='ocrx_word' id='word_1_107' title='bbox 597 1117 719 1188; x_wconf 64' lang='lat' dir='ltr'>marcini</span> <span class='ocrx_word' id='word_1_108' title='bbox 727 1117 882 1187; x_wconf 70' lang='lat' dir='ltr'>adscripsit,</span> <span class='ocrx_word' id='word_1_109' title='bbox 899 1115 922 1172; x_wconf 81' lang='lat'><em>0</em></span> <span class='ocrx_word' id='word_1_110' title='bbox 929 1119 958 1171; x_wconf 87' lang='lat' dir='ltr'>in</span> <span class='ocrx_word' id='word_1_111' title='bbox 968 1123 1046 1172; x_wconf 75' lang='lat' dir='ltr'>textu</span> <span class='ocrx_word' id='word_1_112' title='bbox 1058 1120 1162 1189; x_wconf 79' lang='lat' dir='ltr'>regnu,</span> 
     </span>
     <span class='ocr_line' id='line_1_14' title="bbox 143 1192 1159 1272; baseline -0.001 -14"><span class='ocrx_word' id='word_1_113' title='bbox 143 1203 193 1258; x_wconf 84' lang='lat' dir='ltr'>sed</span> <span class='ocrx_word' id='word_1_114' title='bbox 207 1204 252 1257; x_wconf 89' lang='lat' dir='ltr'>int.</span> <span class='ocrx_word' id='word_1_115' title='bbox 269 1203 314 1257; x_wconf 82' lang='lat' dir='ltr'>tire.</span> <span class='ocrx_word' id='word_1_116' title='bbox 331 1203 402 1271; x_wconf 78' lang='lat' dir='ltr'>regri</span> <span class='ocrx_word' id='word_1_117' title='bbox 414 1200 505 1270; x_wconf 75' lang='lat' dir='ltr'>habet,</span> <span class='ocrx_word' id='word_1_118' title='bbox 522 1199 599 1256; x_wconf 82' lang='lat' dir='ltr'>naa</span> <span class='ocrx_word' id='word_1_119' title='bbox 613 1217 639 1256; x_wconf 86' lang='lat' dir='ltr'>a.</span> <span class='ocrx_word' id='word_1_120' title='bbox 654 1216 751 1271; x_wconf 85' lang='lat' dir='ltr'>regum</span> <span class='ocrx_word' id='word_1_121' title='bbox 767 1202 796 1254; x_wconf 86' lang='lat' dir='ltr'>in</span> <span class='ocrx_word' id='word_1_122' title='bbox 810 1192 897 1272; x_wconf 72' lang='lat' dir='ltr'>mara.</span> <span class='ocrx_word' id='word_1_123' title='bbox 915 1215 975 1255; x_wconf 87' lang='lat' dir='ltr'>cum</span> <span class='ocrx_word' id='word_1_124' title='bbox 987 1201 1159 1257; x_wconf 82' lang='lat' dir='ltr'>Lacedemo-</span> 
     </span>
     <span class='ocr_line' id='line_1_15' title="bbox 143 1276 1161 1356; baseline -0.002 -14"><span class='ocrx_word' id='word_1_125' title='bbox 143 1286 198 1342; x_wconf 90' lang='lat' dir='ltr'>niis</span> <span class='ocrx_word' id='word_1_126' title='bbox 210 1284 387 1342; x_wconf 88' lang='lat' dir='ltr'>sentientium</span> <span class='ocrx_word' id='word_1_127' title='bbox 400 1276 562 1356; x_wconf 63' lang='lat' dir='ltr'>adnotavit).</span> <span class='ocrx_word' id='word_1_128' title='bbox 585 1283 761 1356; x_wconf 70' lang='lat' dir='ltr'>Banaarsius</span> <span class='ocrx_word' id='word_1_129' title='bbox 769 1286 883 1339; x_wconf 81' lang='lat' dir='ltr'>coniecit</span> <span class='ocrx_word' id='word_1_130' title='bbox 891 1285 988 1350; x_wconf 80' lang='lat' dir='ltr'>eadem</span> <span class='ocrx_word' id='word_1_131' title='bbox 998 1292 1027 1340; x_wconf 92' lang='lat' dir='ltr'>et</span> <span class='ocrx_word' id='word_1_132' title='bbox 1039 1286 1161 1348; x_wconf 87' lang='lat' dir='ltr'>omnium</span> 
     </span>
     <span class='ocr_line' id='line_1_16' title="bbox 144 1367 1160 1440; baseline -0.001 -16"><span class='ocrx_word' id='word_1_133' title='bbox 144 1376 172 1425; x_wconf 89' lang='lat' dir='ltr'>et</span> <span class='ocrx_word' id='word_1_134' title='bbox 186 1385 284 1440; x_wconf 78' lang='lat' dir='ltr'>regum</span> <span class='ocrx_word' id='word_1_135' title='bbox 299 1374 372 1434; x_wconf 83' lang='lat' dir='ltr'>cett,</span> <span class='ocrx_word' id='word_1_136' title='bbox 392 1368 512 1424; x_wconf 70' lang='lat' dir='ltr'>Sabinus</span> <span class='ocrx_word' id='word_1_137' title='bbox 524 1367 621 1425; x_wconf 87' lang='lat' dir='ltr'>eadem</span> <span class='ocrx_word' id='word_1_138' title='bbox 633 1367 748 1424; x_wconf 83' lang='lat' dir='ltr'>miiitum</span> <span class='ocrx_word' id='word_1_139' title='bbox 760 1374 789 1425; x_wconf 91' lang='lat' dir='ltr'>et</span> <span class='ocrx_word' id='word_1_140' title='bbox 804 1368 924 1424; x_wconf 88' lang='lat' dir='ltr'>omnium</span> <span class='ocrx_word' id='word_1_141' title='bbox 935 1371 1071 1440; x_wconf 83' lang='lat' dir='ltr'>remigum</span> <span class='ocrx_word' id='word_1_142' title='bbox 1084 1376 1160 1438; x_wconf 82' lang='lat' dir='ltr'>cett,</span> 
     </span>
     <span class='ocr_line' id='line_1_17' title="bbox 142 1451 1162 1525; baseline 0 -17"><span class='ocrx_word' id='word_1_143' title='bbox 142 1453 330 1525; x_wconf 65' lang='lat' dir='ltr'>Nmperdeius</span> <span class='ocrx_word' id='word_1_144' title='bbox 350 1452 448 1508; x_wconf 88' lang='lat' dir='ltr'>eedem</span> <span class='ocrx_word' id='word_1_145' title='bbox 468 1451 583 1507; x_wconf 85' lang='lat' dir='ltr'>miiitum</span> <span class='ocrx_word' id='word_1_146' title='bbox 605 1456 634 1508; x_wconf 85' lang='lat' dir='ltr'>et</span> <span class='ocrx_word' id='word_1_147' title='bbox 658 1453 777 1508; x_wconf 89' lang='lat' dir='ltr'>omnium</span> <span class='ocrx_word' id='word_1_148' title='bbox 798 1452 934 1522; x_wconf 84' lang='lat' dir='ltr'>remigum</span> <span class='ocrx_word' id='word_1_149' title='bbox 957 1470 1032 1508; x_wconf 89' lang='lat' dir='ltr'>cura.</span> <span class='ocrx_word' id='word_1_150' title='bbox 1074 1453 1162 1510; x_wconf 82' lang='lat' dir='ltr'>Erant</span> 
     </span>
     <span class='ocr_line' id='line_1_18' title="bbox 144 1535 1161 1609; baseline 0 -17"><span class='ocrx_word' id='word_1_151' title='bbox 144 1554 230 1609; x_wconf 85' lang='lat' dir='ltr'>quos,</span> <span class='ocrx_word' id='word_1_152' title='bbox 253 1537 303 1592; x_wconf 83' lang='lat' dir='ltr'>aiii</span> <span class='ocrx_word' id='word_1_153' title='bbox 318 1536 402 1593; x_wconf 85' lang='lat' dir='ltr'>aliud.</span> <span class='ocrx_word' id='word_1_154' title='bbox 434 1535 569 1608; x_wconf 83' lang='lat' dir='ltr'>Equidem</span> <span class='ocrx_word' id='word_1_155' title='bbox 589 1542 653 1606; x_wconf 81' lang='lat' dir='ltr'>opti.</span> <span class='ocrx_word' id='word_1_156' title='bbox 678 1537 757 1591; x_wconf 86' lang='lat' dir='ltr'>codd.</span> <span class='ocrx_word' id='word_1_157' title='bbox 775 1537 946 1607; x_wconf 70' lang='lat' dir='ltr'>erupturam</span> <span class='ocrx_word' id='word_1_158' title='bbox 965 1539 1079 1607; x_wconf 86' lang='lat' dir='ltr'>retinui,</span> <span class='ocrx_word' id='word_1_159' title='bbox 1103 1553 1161 1592; x_wconf 89' lang='lat' dir='ltr'>nan</span> 
     </span>
     <span class='ocr_line' id='line_1_19' title="bbox 142 1620 1161 1693; baseline 0 -18"><span class='ocrx_word' id='word_1_160' title='bbox 142 1622 216 1693; x_wconf 84' lang='lat' dir='ltr'>qaod</span> <span class='ocrx_word' id='word_1_161' title='bbox 226 1636 286 1676; x_wconf 91' lang='lat' dir='ltr'>eam</span> <span class='ocrx_word' id='word_1_162' title='bbox 295 1620 456 1692; x_wconf 77' lang='lat' dir='ltr'>proban-ern,</span> <span class='ocrx_word' id='word_1_163' title='bbox 467 1620 518 1675; x_wconf 86' lang='lat' dir='ltr'>sed</span> <span class='ocrx_word' id='word_1_164' title='bbox 525 1621 590 1691; x_wconf 81' lang='lat' dir='ltr'>quia</span> <span class='ocrx_word' id='word_1_165' title='bbox 601 1622 706 1691; x_wconf 79' lang='lat' dir='ltr'>metam,</span> <span class='ocrx_word' id='word_1_166' title='bbox 717 1621 746 1675; x_wconf 88' lang='lat' dir='ltr'>in</span> <span class='ocrx_word' id='word_1_167' title='bbox 757 1636 811 1691; x_wconf 83' lang='lat' dir='ltr'>qua</span> <span class='ocrx_word' id='word_1_168' title='bbox 819 1622 1031 1690; x_wconf 78' lang='lat' dir='ltr'>acquiescerem,</span> <span class='ocrx_word' id='word_1_169' title='bbox 1041 1638 1097 1677; x_wconf 91' lang='lat' dir='ltr'>nan</span> <span class='ocrx_word' id='word_1_170' title='bbox 1108 1621 1161 1676; x_wconf 81' lang='lat' dir='ltr'>tra·</span> 
     </span>
     <span class='ocr_line' id='line_1_20' title="bbox 143 1704 1162 1776; baseline 0.001 -16"><span class='ocrx_word' id='word_1_171' title='bbox 143 1705 245 1760; x_wconf 77' lang='lat' dir='ltr'>betam.</span> <span class='ocrx_word' id='word_1_172' title='bbox 281 1706 354 1760; x_wconf 88' lang='lat' dir='ltr'>Nem</span> <span class='ocrx_word' id='word_1_173' title='bbox 367 1705 447 1760; x_wconf 83' lang='lat' dir='ltr'>aliter</span> <span class='ocrx_word' id='word_1_174' title='bbox 461 1704 601 1775; x_wconf 60' lang='lat' dir='ltr'>explicari</span> <span class='ocrx_word' id='word_1_175' title='bbox 613 1720 668 1760; x_wconf 91' lang='lat' dir='ltr'>nan</span> <span class='ocrx_word' id='word_1_176' title='bbox 677 1710 782 1775; x_wconf 81' lang='lat' dir='ltr'>potest,</span> <span class='ocrx_word' id='word_1_177' title='bbox 796 1720 879 1776; x_wconf 85' lang='lat' dir='ltr'>quam</span> <span class='ocrx_word' id='word_1_178' title='bbox 893 1711 924 1758; x_wconf 86' lang='lat' dir='ltr'>at</span> <span class='ocrx_word' id='word_1_179' title='bbox 938 1721 1024 1776; x_wconf 79' lang='lat' dir='ltr'>reges</span> <span class='ocrx_word' id='word_1_180' title='bbox 1038 1719 1085 1761; x_wconf 78' lang='lat' dir='ltr'>eos</span> <span class='ocrx_word' id='word_1_181' title='bbox 1100 1720 1162 1761; x_wconf 84' lang='lat' dir='ltr'>esse</span> 
     </span>
     <span class='ocr_line' id='line_1_21' title="bbox 141 1787 1161 1860; baseline 0.002 -17"><span class='ocrx_word' id='word_1_182' title='bbox 141 1788 273 1856; x_wconf 82' lang='lat' dir='ltr'>dicamus,</span> <span class='ocrx_word' id='word_1_183' title='bbox 291 1790 339 1860; x_wconf 79' lang='lat' dir='ltr'>qui</span> <span class='ocrx_word' id='word_1_184' title='bbox 349 1802 434 1860; x_wconf 74' lang='lat' dir='ltr'>reama</span> <span class='ocrx_word' id='word_1_185' title='bbox 449 1788 556 1844; x_wconf 84' lang='lat' dir='ltr'>adsueti</span> <span class='ocrx_word' id='word_1_186' title='bbox 564 1793 590 1843; x_wconf 91' lang='lat' dir='ltr'>et</span> <span class='ocrx_word' id='word_1_187' title='bbox 601 1788 715 1843; x_wconf 84' lang='lat' dir='ltr'>liberam</span> <span class='ocrx_word' id='word_1_188' title='bbox 729 1787 934 1845; x_wconf 77' lang='lat' dir='ltr'>Atheniensium</span> <span class='ocrx_word' id='word_1_189' title='bbox 948 1803 1008 1843; x_wconf 89' lang='lat' dir='ltr'>rem</span> <span class='ocrx_word' id='word_1_190' title='bbox 1020 1789 1161 1860; x_wconf 75' lang='lat' dir='ltr'>patticam</span> 
     </span>
     <span class='ocr_line' id='line_1_22' title="bbox 140 1869 1213 1945; baseline 0.003 -18"><span class='ocrx_word' id='word_1_191' title='bbox 140 1879 300 1928; x_wconf 83' lang='lat' dir='ltr'>aversantes</span> <span class='ocrx_word' id='word_1_192' title='bbox 315 1888 378 1928; x_wconf 87' lang='lat' dir='ltr'>enm</span> <span class='ocrx_word' id='word_1_193' title='bbox 391 1871 540 1944; x_wconf 80' lang='lat' dir='ltr'><strong><em>Spartanis</em></strong></span> <span class='ocrx_word' id='word_1_194' title='bbox 554 1875 699 1928; x_wconf 78' lang='lat' dir='ltr'>senserint.</span> <span class='ocrx_word' id='word_1_195' title='bbox 727 1872 772 1945; x_wconf 83' lang='lat' dir='ltr'>Cf.</span> <span class='ocrx_word' id='word_1_196' title='bbox 794 1872 826 1941; x_wconf 89' lang='lat' dir='ltr'>V,</span> <span class='ocrx_word' id='word_1_197' title='bbox 843 1879 869 1943; x_wconf 86' lang='lat'>1,</span> <span class='ocrx_word' id='word_1_198' title='bbox 884 1880 900 1931; x_wconf 85' lang='lat'>5</span> <span class='ocrx_word' id='word_1_199' title='bbox 915 1872 1005 1929; x_wconf 87' lang='lat' dir='ltr'>omnia</span> <span class='ocrx_word' id='word_1_200' title='bbox 1022 1873 1161 1930; x_wconf 76' lang='lat' dir='ltr'>Graeciae</span> <span class='ocrx_word' id='word_1_201' title='bbox 1212 1869 1213 1872; x_wconf 66' lang='grc'>’</span> 
     </span>
     <span class='ocr_line' id='line_1_23' title="bbox 141 1955 1158 2030; baseline 0 -16"><span class='ocrx_word' id='word_1_202' title='bbox 141 1973 228 2030; x_wconf 81' lang='lat' dir='ltr'>regna</span> <span class='ocrx_word' id='word_1_203' title='bbox 243 1957 320 2014; x_wconf 84' lang='lat' dir='ltr'>vetut</span> <span class='ocrx_word' id='word_1_204' title='bbox 336 1957 371 2012; x_wconf 90' lang='lat' dir='ltr'>ad</span> <span class='ocrx_word' id='word_1_205' title='bbox 392 1957 609 2028; x_wconf 85' lang='lat' dir='ltr'>extinguendum</span> <span class='ocrx_word' id='word_1_206' title='bbox 629 1972 773 2013; x_wconf 85' lang='lat' dir='ltr'>commune</span> <span class='ocrx_word' id='word_1_207' title='bbox 791 1955 948 2013; x_wconf 85' lang='lat' dir='ltr'>incendium</span> <span class='ocrx_word' id='word_1_208' title='bbox 971 1965 1158 2015; x_wconf 80' lang='lat' dir='ltr'>concurrunt:</span> 
     </span>
     <span class='ocr_line' id='line_1_24' title="bbox 142 2040 1213 2112; baseline 0.002 -15"><span class='ocrx_word' id='word_1_209' title='bbox 142 2048 244 2098; x_wconf 88' lang='lat' dir='ltr'>tantum</span> <span class='ocrx_word' id='word_1_210' title='bbox 263 2042 356 2099; x_wconf 86' lang='lat' dir='ltr'>odium</span> <span class='ocrx_word' id='word_1_211' title='bbox 369 2042 556 2097; x_wconf 82' lang='lat' dir='ltr'>Athenienses</span> <span class='ocrx_word' id='word_1_212' title='bbox 578 2040 754 2097; x_wconf 82' lang='lat' dir='ltr'>immoderati</span> <span class='ocrx_word' id='word_1_213' title='bbox 775 2040 888 2112; x_wconf 89' lang='lat' dir='ltr'>imperii</span> <span class='ocrx_word' id='word_1_214' title='bbox 900 2041 1065 2098; x_wconf 85' lang='lat' dir='ltr'>erudelitate</span> <span class='ocrx_word' id='word_1_215' title='bbox 1085 2057 1156 2097; x_wconf 86' lang='lat' dir='ltr'>oon·</span> <span class='ocrx_word' id='word_1_216' title='bbox 1212 2082 1213 2099; x_wconf 61' lang='lat'>2</span> 
     </span>
     <span class='ocr_line' id='line_1_25' title="bbox 139 2125 1158 2197; baseline 0.004 -16"><span class='ocrx_word' id='word_1_217' title='bbox 139 2132 292 2182; x_wconf 85' lang='lat' dir='ltr'>traxerunt.</span> <span class='ocrx_word' id='word_1_218' title='bbox 319 2125 367 2181; x_wconf 86' lang='lat' dir='ltr'>Sic</span> <span class='ocrx_word' id='word_1_219' title='bbox 377 2125 545 2181; x_wconf 78' lang='lat' dir='ltr'>Macedones</span> <span class='ocrx_word' id='word_1_220' title='bbox 554 2138 671 2196; x_wconf 80' lang='lat' dir='ltr'>qaoque,</span> <span class='ocrx_word' id='word_1_221' title='bbox 686 2141 748 2180; x_wconf 91' lang='lat' dir='ltr'>cum</span> <span class='ocrx_word' id='word_1_222' title='bbox 763 2125 994 2180; x_wconf 68' lang='lat' dir='ltr'>nouandarum</span> <span class='ocrx_word' id='word_1_223' title='bbox 1009 2125 1158 2197; x_wconf 82' lang='lat' dir='ltr'>inferrent,</span> 
     </span>
     <span class='ocr_line' id='line_1_26' title="bbox 36 2196 1213 2285; baseline 0.001 -20"><span class='ocrx_word' id='word_1_224' title='bbox 36 2280 39 2285; x_wconf 28' lang='grc' dir='ltr'>Ι</span> <span class='ocrx_word' id='word_1_225' title='bbox 142 2210 248 2265; x_wconf 77' lang='lat' dir='ltr'>auritio</span> <span class='ocrx_word' id='word_1_226' title='bbox 273 2209 393 2265; x_wconf 85' lang='lat' dir='ltr'>omnium</span> <span class='ocrx_word' id='word_1_227' title='bbox 414 2201 511 2280; x_wconf 75' lang='lat' dir='ltr'>regum</span> <span class='ocrx_word' id='word_1_228' title='bbox 536 2208 703 2266; x_wconf 87' lang='lat' dir='ltr'>iuvabantur</span> <span class='ocrx_word' id='word_1_229' title='bbox 722 2206 883 2283; x_wconf 87' lang='lat' dir='ltr'><em>(XXXIII</em></span> <span class='ocrx_word' id='word_1_230' title='bbox 898 2215 929 2280; x_wconf 90' lang='lat'>1,</span> <span class='ocrx_word' id='word_1_231' title='bbox 948 2205 988 2282; x_wconf 91' lang='lat' dir='ltr'>l).</span> <span class='ocrx_word' id='word_1_232' title='bbox 1030 2209 1158 2266; x_wconf 83' lang='lat' dir='ltr'>Decan-</span> <span class='ocrx_word' id='word_1_233' title='bbox 1212 2196 1213 2229; x_wconf 35' lang='lat' dir='ltr'>i</span> 
     </span>
     <span class='ocr_line' id='line_1_27' title="bbox 139 2291 1159 2364; baseline 0.001 -17"><span class='ocrx_word' id='word_1_234' title='bbox 139 2295 287 2348; x_wconf 76' lang='lat' dir='ltr'>structione</span> <span class='ocrx_word' id='word_1_235' title='bbox 298 2293 443 2348; x_wconf 83' lang='lat' dir='ltr'>uerborum</span> <span class='ocrx_word' id='word_1_236' title='bbox 456 2293 554 2348; x_wconf 84' lang='lat' dir='ltr'>eadem</span> <span class='ocrx_word' id='word_1_237' title='bbox 566 2298 594 2347; x_wconf 89' lang='lat' dir='ltr'>et</span> <span class='ocrx_word' id='word_1_238' title='bbox 609 2291 650 2364; x_wconf 83' lang='lat' dir='ltr'>cf.</span> <span class='ocrx_word' id='word_1_239' title='bbox 666 2293 687 2349; x_wconf 95' lang='grc' dir='ltr'><em>Ι</em></span> <span class='ocrx_word' id='word_1_240' title='bbox 694 2299 726 2363; x_wconf 76' lang='lat'>2,</span> <span class='ocrx_word' id='word_1_241' title='bbox 738 2299 762 2353; x_wconf 84' lang='lat'>3.</span> <span class='ocrx_word' id='word_1_242' title='bbox 785 2292 866 2349; x_wconf 85' lang='lat' dir='ltr'>XIV</span> <span class='ocrx_word' id='word_1_243' title='bbox 877 2300 902 2362; x_wconf 80' lang='lat'>5,</span> <span class='ocrx_word' id='word_1_244' title='bbox 917 2300 942 2353; x_wconf 83' lang='lat'>3.</span> <span class='ocrx_word' id='word_1_245' title='bbox 965 2293 1063 2350; x_wconf 85' lang='lat' dir='ltr'><em>XXII</em></span> <span class='ocrx_word' id='word_1_246' title='bbox 1074 2301 1099 2363; x_wconf 80' lang='lat'>3,</span> <span class='ocrx_word' id='word_1_247' title='bbox 1115 2303 1159 2354; x_wconf 86' lang='lat' dir='ltr'>to.</span> 
     </span>
     <span class='ocr_line' id='line_1_28' title="bbox 139 2362 1214 2449; baseline 0.002 -17"><span class='ocrx_word' id='word_1_248' title='bbox 139 2376 309 2446; x_wconf 79' lang='grc' dir='ltr'>ΧΧΙΙΙΙ,7</span> <span class='ocrx_word' id='word_1_249' title='bbox 353 2374 884 2449; x_wconf 71' lang='lat' dir='ltr'>§ltcepeseruntDLcapesserunttt</span> <span class='ocrx_word' id='word_1_250' title='bbox 927 2374 1160 2449; x_wconf 68' lang='lat' dir='ltr'>§lteonditioA</span> <span class='ocrx_word' id='word_1_251' title='bbox 1209 2362 1214 2382; x_wconf 65' lang='lat'>⁴</span> 
     </span>
     <span class='ocr_line' id='line_1_29' title="bbox 201 2454 1213 2536; baseline 0.003 -21"><span class='ocrx_word' id='word_1_252' title='bbox 201 2458 231 2515; x_wconf 85' lang='grc'>4.</span> <span class='ocrx_word' id='word_1_253' title='bbox 254 2456 410 2532; x_wconf 68' lang='lat' dir='ltr'>§iveiut</span> <span class='ocrx_word' id='word_1_254' title='bbox 427 2459 599 2532; x_wconf 73' lang='lat' dir='ltr'>BouyDueb.</span> <span class='ocrx_word' id='word_1_255' title='bbox 628 2461 711 2518; x_wconf 83' lang='lat' dir='ltr'>velud</span> <span class='ocrx_word' id='word_1_256' title='bbox 727 2460 784 2517; x_wconf 80' lang='lat' dir='ltr'>Ba</span> <span class='ocrx_word' id='word_1_257' title='bbox 810 2461 897 2517; x_wconf 85' lang='lat' dir='ltr'>vetuti</span> <span class='ocrx_word' id='word_1_258' title='bbox 918 2461 946 2516; x_wconf 86' lang='lat' dir='ltr'><em>R</em></span> <span class='ocrx_word' id='word_1_259' title='bbox 1020 2459 1157 2536; x_wconf 79' lang='lat' dir='ltr'>finitimis}</span> <span class='ocrx_word' id='word_1_260' title='bbox 1212 2454 1213 2463; x_wconf 67' lang='grc'>’</span> 
     </span>
     <span class='ocr_line' id='line_1_30' title="bbox 140 2541 1213 2618; baseline 0.003 -18"><span class='ocrx_word' id='word_1_261' title='bbox 140 2543 192 2600; x_wconf 90' lang='lat' dir='ltr'>mis</span> <span class='ocrx_word' id='word_1_262' title='bbox 205 2545 233 2598; x_wconf 85' lang='lat' dir='ltr'>in</span> <span class='ocrx_word' id='word_1_263' title='bbox 248 2544 351 2601; x_wconf 67' lang='lat' dir='ltr'>raca</span> <span class='ocrx_word' id='word_1_264' title='bbox 412 2541 570 2616; x_wconf 71' lang='lat' dir='ltr'>§taurii</span> <span class='ocrx_word' id='word_1_265' title='bbox 589 2543 689 2600; x_wconf 77' lang='lat' dir='ltr'>Athen.</span> <span class='ocrx_word' id='word_1_266' title='bbox 707 2546 788 2618; x_wconf 72' lang='lat' dir='ltr'>Bana</span> <span class='ocrx_word' id='word_1_267' title='bbox 803 2545 882 2601; x_wconf 88' lang='lat' dir='ltr'>Daeb</span> <span class='ocrx_word' id='word_1_268' title='bbox 895 2545 931 2602; x_wconf 88' lang='lat' dir='ltr'>E.</span> <span class='ocrx_word' id='word_1_269' title='bbox 960 2547 1052 2602; x_wconf 88' lang='lat' dir='ltr'>athen.</span> <span class='ocrx_word' id='word_1_270' title='bbox 1069 2547 1156 2602; x_wconf 83' lang='lat' dir='ltr'>anxii.</span> <span class='ocrx_word' id='word_1_271' title='bbox 1212 2564 1213 2603; x_wconf 70' lang='lat' dir='ltr'>t</span> 
     </span>
     <span class='ocr_line' id='line_1_31' title="bbox 139 2623 1213 2707; baseline 0.002 -24"><span class='ocrx_word' id='word_1_272' title='bbox 139 2628 167 2683; x_wconf 86' lang='lat' dir='ltr'><em>R</em></span> <span class='ocrx_word' id='word_1_273' title='bbox 230 2623 334 2700; x_wconf 78' lang='lat' dir='ltr'>§4ex</span> <span class='ocrx_word' id='word_1_274' title='bbox 352 2627 579 2684; x_wconf 85' lang='lat' dir='ltr'>intimisinorem.</span> <span class='ocrx_word' id='word_1_275' title='bbox 595 2628 835 2700; x_wconf 51' lang='lat' dir='ltr'>BonaDuebDL,</span> <span class='ocrx_word' id='word_1_276' title='bbox 857 2628 1156 2685; x_wconf 83' lang='lat' dir='ltr'>enflnitimisincrem.</span> <span class='ocrx_word' id='word_1_277' title='bbox 1212 2672 1213 2707; x_wconf 66' lang='grc'>,</span> 
     </span>
     <span class='ocr_line' id='line_1_32' title="bbox 137 2707 1213 2785; baseline 0.001 -18"><span class='ocrx_word' id='word_1_278' title='bbox 137 2711 165 2767; x_wconf 80' lang='lat' dir='ltr'>‚R</span> <span class='ocrx_word' id='word_1_279' title='bbox 192 2708 396 2785; x_wconf 87' lang='lat' dir='ltr'>(incrementue</span> <span class='ocrx_word' id='word_1_280' title='bbox 416 2707 464 2785; x_wconf 85' lang='grc' dir='ltr'>Α).</span> <span class='ocrx_word' id='word_1_281' title='bbox 505 2711 632 2768; x_wconf 79' lang='lat' dir='ltr'>Finitima</span> <span class='ocrx_word' id='word_1_282' title='bbox 654 2713 826 2769; x_wconf 86' lang='lat' dir='ltr'>incrementa</span> <span class='ocrx_word' id='word_1_283' title='bbox 848 2721 914 2768; x_wconf 79' lang='lat' dir='ltr'>aaut</span> <span class='ocrx_word' id='word_1_284' title='bbox 932 2716 1103 2768; x_wconf 85' lang='lat' dir='ltr'>incrementa</span> <span class='ocrx_word' id='word_1_285' title='bbox 1124 2715 1158 2768; x_wconf 86' lang='lat' dir='ltr'>de</span> <span class='ocrx_word' id='word_1_286' title='bbox 1212 2712 1213 2783; x_wconf 71' lang='lat' dir='ltr'>t</span> 
     </span>
     <span class='ocr_line' id='line_1_33' title="bbox 135 2790 1213 2873; baseline 0.003 -23"><span class='ocrx_word' id='word_1_287' title='bbox 135 2796 256 2867; x_wconf 72' lang='lat' dir='ltr'>finitimis</span> <span class='ocrx_word' id='word_1_288' title='bbox 270 2801 363 2867; x_wconf 83' lang='lat' dir='ltr'>capta.</span> <span class='ocrx_word' id='word_1_289' title='bbox 384 2794 442 2873; x_wconf 70' lang='lat' dir='ltr'>Cf.</span> <span class='ocrx_word' id='word_1_290' title='bbox 460 2795 600 2851; x_wconf 85' lang='lat' dir='ltr'><em>XXXIX</em></span> <span class='ocrx_word' id='word_1_291' title='bbox 613 2805 643 2862; x_wconf 88' lang='lat'>5,</span> <span class='ocrx_word' id='word_1_292' title='bbox 665 2802 684 2853; x_wconf 83' lang='lat'>4</span> <span class='ocrx_word' id='word_1_293' title='bbox 699 2813 770 2868; x_wconf 86' lang='lat' dir='ltr'>quae</span> <span class='ocrx_word' id='word_1_294' title='bbox 792 2797 963 2852; x_wconf 86' lang='lat' dir='ltr'>incrementa</span> <span class='ocrx_word' id='word_1_295' title='bbox 978 2797 1014 2852; x_wconf 89' lang='lat' dir='ltr'>de</span> <span class='ocrx_word' id='word_1_296' title='bbox 1032 2797 1157 2853; x_wconf 84' lang='lat' dir='ltr'>finitimis</span> <span class='ocrx_word' id='word_1_297' title='bbox 1212 2790 1213 2869; x_wconf 70' lang='lat' dir='ltr'>i</span> 
     </span>
     <span class='ocr_line' id='line_1_34' title="bbox 138 2879 1157 2952; baseline 0.003 -18"><span class='ocrx_word' id='word_1_298' title='bbox 138 2895 276 2951; x_wconf 82' lang='lat' dir='ltr'>quaerere</span> <span class='ocrx_word' id='word_1_299' title='bbox 291 2880 429 2937; x_wconf 83' lang='lat' dir='ltr'>sotebant.</span> <span class='ocrx_word' id='word_1_300' title='bbox 459 2879 582 2935; x_wconf 87' lang='lat' dir='ltr'><em>XXXV</em></span> <span class='ocrx_word' id='word_1_301' title='bbox 595 2887 626 2950; x_wconf 89' lang='lat' dir='ltr'>l,</span> <span class='ocrx_word' id='word_1_302' title='bbox 642 2887 655 2938; x_wconf 93' lang='lat' dir='ltr'>l</span> <span class='ocrx_word' id='word_1_303' title='bbox 673 2896 743 2952; x_wconf 88' lang='lat' dir='ltr'>opes</span> <span class='ocrx_word' id='word_1_304' title='bbox 758 2896 864 2951; x_wconf 79' lang='lat' dir='ltr'>augere</span> <span class='ocrx_word' id='word_1_305' title='bbox 880 2881 1057 2936; x_wconf 85' lang='lat' dir='ltr'>finitimorum</span> <span class='ocrx_word' id='word_1_306' title='bbox 1071 2882 1157 2937; x_wconf 87' lang='lat' dir='ltr'>bettis</span> 
     </span>
     <span class='ocr_line' id='line_1_35' title="bbox 136 2962 1158 3035; baseline 0 -16"><span class='ocrx_word' id='word_1_307' title='bbox 136 2964 242 3020; x_wconf 81' lang='lat' dir='ltr'>statuit.</span> <span class='ocrx_word' id='word_1_308' title='bbox 282 2962 359 3021; x_wconf 84' lang='lat' dir='ltr'>Sicut</span> <span class='ocrx_word' id='word_1_309' title='bbox 375 2964 598 3032; x_wconf 84' lang='lat' dir='ltr'>Lacedaemonii,</span> <span class='ocrx_word' id='word_1_310' title='bbox 620 2964 693 3020; x_wconf 84' lang='lat' dir='ltr'>aetat</span> <span class='ocrx_word' id='word_1_311' title='bbox 706 2980 770 3019; x_wconf 94' lang='lat' dir='ltr'>cum</span> <span class='ocrx_word' id='word_1_312' title='bbox 790 2967 905 3035; x_wconf 80' lang='lat' dir='ltr'>imperio</span> <span class='ocrx_word' id='word_1_313' title='bbox 928 2967 1010 3019; x_wconf 88' lang='lat' dir='ltr'>etiam</span> <span class='ocrx_word' id='word_1_314' title='bbox 1032 2967 1158 3020; x_wconf 75' lang='lat' dir='ltr'>viritatem</span> 
     </span>
     <span class='ocr_line' id='line_1_36' title="bbox 130 3045 1158 3122; baseline 0.002 -20"><span class='ocrx_word' id='word_1_315' title='bbox 130 3048 331 3118; x_wconf 72' lang='lat' dir='ltr'>perdidissent,</span> <span class='ocrx_word' id='word_1_316' title='bbox 353 3049 489 3103; x_wconf 81' lang='lat' dir='ltr'>contemni</span> <span class='ocrx_word' id='word_1_317' title='bbox 500 3064 519 3102; x_wconf 94' lang='lat' dir='ltr'>a</span> <span class='ocrx_word' id='word_1_318' title='bbox 532 3049 655 3119; x_wconf 79' lang='lat' dir='ltr'>finitimis</span> <span class='ocrx_word' id='word_1_319' title='bbox 668 3063 786 3119; x_wconf 85' lang='lat' dir='ltr'>caepere</span> <span class='ocrx_word' id='word_1_320' title='bbox 799 3045 837 3122; x_wconf 56' lang='grc' dir='ltr'>(ᾗ</span> <span class='ocrx_word' id='word_1_321' title='bbox 853 3045 903 3121; x_wconf 76' lang='lat'>2),</span> <span class='ocrx_word' id='word_1_322' title='bbox 923 3051 971 3103; x_wconf 74' lang='lat' dir='ltr'>aa</span> <span class='ocrx_word' id='word_1_323' title='bbox 980 3048 1105 3103; x_wconf 74' lang='lat' dir='ltr'>Thebani</span> <span class='ocrx_word' id='word_1_324' title='bbox 1118 3063 1158 3104; x_wconf 84' lang='lat' dir='ltr'>au</span> 
     </span>
     <span class='ocr_line' id='line_1_37' title="bbox 135 3129 1161 3206; baseline 0.003 -20"><span class='ocrx_word' id='word_1_325' title='bbox 135 3133 311 3186; x_wconf 72' lang='lat' dir='ltr'>incrementis</span> <span class='ocrx_word' id='word_1_326' title='bbox 331 3132 365 3186; x_wconf 85' lang='lat' dir='ltr'>de</span> <span class='ocrx_word' id='word_1_327' title='bbox 385 3133 508 3203; x_wconf 80' lang='lat' dir='ltr'>finitimis</span> <span class='ocrx_word' id='word_1_328' title='bbox 522 3134 611 3203; x_wconf 82' lang='lat' dir='ltr'>captis</span> <span class='ocrx_word' id='word_1_329' title='bbox 632 3129 666 3206; x_wconf 85' lang='lat' dir='ltr'>(i.</span> <span class='ocrx_word' id='word_1_330' title='bbox 684 3146 709 3189; x_wconf 81' lang='lat' dir='ltr'>e.</span> <span class='ocrx_word' id='word_1_331' title='bbox 726 3147 764 3187; x_wconf 84' lang='lat' dir='ltr'>ca</span> <span class='ocrx_word' id='word_1_332' title='bbox 780 3133 956 3188; x_wconf 84' lang='lat' dir='ltr'>Boeotiarum</span> <span class='ocrx_word' id='word_1_333' title='bbox 974 3134 1089 3203; x_wconf 79' lang='lat' dir='ltr'>imperio</span> <span class='ocrx_word' id='word_1_334' title='bbox 1105 3131 1161 3189; x_wconf 91' lang='grc' dir='ltr'>ΙΙΙ</span> 
     </span>
     <span class='ocr_line' id='line_1_38' title="bbox 136 3205 1158 3287; baseline 0.002 -13"><span class='ocrx_word' id='word_1_335' title='bbox 136 3220 163 3284; x_wconf 86' lang='grc'>6,</span> <span class='ocrx_word' id='word_1_336' title='bbox 182 3211 230 3287; x_wconf 87' lang='grc'>10)</span> <span class='ocrx_word' id='word_1_337' title='bbox 245 3216 284 3270; x_wconf 90' lang='lat' dir='ltr'>ad</span> <span class='ocrx_word' id='word_1_338' title='bbox 297 3229 373 3285; x_wconf 82' lang='lat' dir='ltr'>spem</span> <span class='ocrx_word' id='word_1_339' title='bbox 387 3205 499 3287; x_wconf 63' lang='lat' dir='ltr'>imperii</span> <span class='ocrx_word' id='word_1_340' title='bbox 513 3215 648 3271; x_wconf 85' lang='lat' dir='ltr'>Graeciae</span> <span class='ocrx_word' id='word_1_341' title='bbox 662 3219 749 3271; x_wconf 88' lang='lat' dir='ltr'>erecti</span> <span class='ocrx_word' id='word_1_342' title='bbox 756 3222 829 3271; x_wconf 83' lang='lat' dir='ltr'>sunt.</span> <span class='ocrx_word' id='word_1_343' title='bbox 853 3216 942 3272; x_wconf 87' lang='lat' dir='ltr'>Simili</span> <span class='ocrx_word' id='word_1_344' title='bbox 953 3217 1033 3271; x_wconf 91' lang='lat' dir='ltr'>modo</span> <span class='ocrx_word' id='word_1_345' title='bbox 1055 3215 1116 3272; x_wconf 87' lang='lat' dir='ltr'>VII</span> <span class='ocrx_word' id='word_1_346' title='bbox 1130 3225 1158 3287; x_wconf 92' lang='lat' dir='ltr'>l,</span> 
     </span>
     <span class='ocr_line' id='line_1_39' title="bbox 133 3288 1157 3372; baseline -0.002 -15"><span class='ocrx_word' id='word_1_347' title='bbox 133 3305 152 3357; x_wconf 82' lang='lat'>4</span> <span class='ocrx_word' id='word_1_348' title='bbox 167 3313 228 3353; x_wconf 89' lang='lat' dir='ltr'>cnm</span> <span class='ocrx_word' id='word_1_349' title='bbox 243 3297 425 3356; x_wconf 84' lang='lat' dir='ltr'>Macedoniae</span> <span class='ocrx_word' id='word_1_350' title='bbox 439 3288 609 3355; x_wconf 81' lang='lat' dir='ltr'>incrementa</span> <span class='ocrx_word' id='word_1_351' title='bbox 624 3300 730 3355; x_wconf 86' lang='lat' dir='ltr'>modica</span> <span class='ocrx_word' id='word_1_352' title='bbox 743 3299 835 3372; x_wconf 83' lang='lat' dir='ltr'>fuisse</span> <span class='ocrx_word' id='word_1_353' title='bbox 844 3302 968 3370; x_wconf 66' lang='lat' dir='ltr'>damasci,</span> <span class='ocrx_word' id='word_1_354' title='bbox 983 3300 1054 3355; x_wconf 78' lang='lat' dir='ltr'>naec</span> <span class='ocrx_word' id='word_1_355' title='bbox 1065 3301 1157 3356; x_wconf 80' lang='lat' dir='ltr'>addit:</span> 
     </span>
     <span class='ocr_line' id='line_1_40' title="bbox 134 3383 1158 3456; baseline 0.003 -18"><span class='ocrx_word' id='word_1_356' title='bbox 134 3383 186 3439; x_wconf 80' lang='lat' dir='ltr'>red</span> <span class='ocrx_word' id='word_1_357' title='bbox 211 3389 311 3454; x_wconf 89' lang='lat' dir='ltr'>postea</span> <span class='ocrx_word' id='word_1_358' title='bbox 336 3383 438 3439; x_wconf 85' lang='lat' dir='ltr'>virtute</span> <span class='ocrx_word' id='word_1_359' title='bbox 464 3399 562 3454; x_wconf 78' lang='lat' dir='ltr'>regum</span> <span class='ocrx_word' id='word_1_360' title='bbox 586 3389 615 3440; x_wconf 91' lang='lat' dir='ltr'>et</span> <span class='ocrx_word' id='word_1_361' title='bbox 640 3384 734 3454; x_wconf 88' lang='lat' dir='ltr'>gentis</span> <span class='ocrx_word' id='word_1_362' title='bbox 758 3384 895 3441; x_wconf 85' lang='lat' dir='ltr'>industria</span> <span class='ocrx_word' id='word_1_363' title='bbox 917 3385 1042 3441; x_wconf 83' lang='lat' dir='ltr'>subactis</span> <span class='ocrx_word' id='word_1_364' title='bbox 1065 3385 1158 3456; x_wconf 86' lang='lat' dir='ltr'>primo</span> 
     </span>
     <span class='ocr_line' id='line_1_41' title="bbox 135 3465 1158 3541; baseline 0.004 -20"><span class='ocrx_word' id='word_1_365' title='bbox 135 3465 275 3536; x_wconf 81' lang='lat' dir='ltr'>finitimis,</span> <span class='ocrx_word' id='word_1_366' title='bbox 298 3483 363 3523; x_wconf 86' lang='lat' dir='ltr'>mox</span> <span class='ocrx_word' id='word_1_367' title='bbox 379 3467 492 3540; x_wconf 83' lang='lat' dir='ltr'>populis</span> <span class='ocrx_word' id='word_1_368' title='bbox 516 3467 733 3539; x_wconf 82' lang='lat' dir='ltr'>nationibusque</span> <span class='ocrx_word' id='word_1_369' title='bbox 748 3467 895 3541; x_wconf 86' lang='lat' dir='ltr'>imperium</span> <span class='ocrx_word' id='word_1_370' title='bbox 909 3484 999 3539; x_wconf 87' lang='lat' dir='ltr'>usque</span> <span class='ocrx_word' id='word_1_371' title='bbox 1014 3475 1158 3525; x_wconf 65' lang='lat' dir='ltr'>extremos</span> 
     </span>
    </p>
   </div>
   <div class='ocr_carea' id='block_1_3' title="bbox 0 0 1226 3975">
    <p class='ocr_par' dir='ltr' id='par_1_3' title="bbox 0 0 1226 3975">
     <span class='ocr_line' id='line_1_42' title="bbox 0 0 1226 3975; baseline 0 2"><span class='ocrx_word' id='word_1_372' title='bbox 0 0 1226 3975; x_wconf 95' lang='lat' dir='ltr'> </span> 
     </span>
    </p>
   </div>
  </div>
 </body>
</html>
