2442 3975
62 199 66 204 ·
107 184 210 240 12-4
447 194 756 244 summasunmna.
1090 187 1109 247 5

107 349 157 409 ubi
173 348 307 408 invidiam
322 357 488 427 superatam
504 357 593 426 putat,
610 364 684 426 quae
699 348 737 407 sit
753 349 859 409 latetur
880 368 1004 428 quemve
1025 353 1109 411 simu·

108 434 207 495 lasset.
251 432 315 492 Nec
330 431 389 490 boc
406 431 448 490 illi
463 432 630 507 dignitatem
644 432 729 508 regni
746 431 861 508 ademit,
878 434 930 493 sed
947 434 1107 495 admiratio·
1125 450 1142 504 6

102 536 172 583 ,ηοω
188 517 277 591 auxit,
294 515 371 592 qnod
387 515 489 574 mulier
504 532 561 574 non
575 515 695 575 laminas
709 515 795 574 modo
811 517 929 593 virtute,
952 518 1004 577 sed
1024 520 1108 580 etiam

105 603 187 660 viros
204 601 334 659 anteiret.
378 597 458 671 llaec
483 596 669 671 Babyloniam
698 598 824 658 condidit
850 618 1017 677 murumque
1043 604 1139 670 urbia

107 692 197 760 cocto
213 682 306 740 latere
322 681 523 755 circumdedit,
539 681 664 741 harenae
682 683 748 741 vice
770 682 905 742 bitumine
929 684 1108 763 interstrato,

108 784 185 844 quae
199 765 318 825 materia
329 766 357 823 in
369 765 425 824 illis
437 763 511 824 locis
523 766 631 844 passim
643 766 785 825 invenitur
798 774 827 825 et
839 775 939 826 eterra
948 776 1107 829 exaestuat.

106 849 198 911 blulta
219 857 249 907 et
270 848 324 907 alia
345 848 496 926 praeclara
517 849 601 907 buius
626 852 747 925 reginae
769 849 868 909 luere:
889 849 1028 927 siquidem
1051 864 1144 917 none

108 940 245 993 contenta
266 931 422 1009 adquisitos
444 935 509 991 viro
522 935 615 1009 regni
637 933 775 993 terminos
805 934 896 1009 tueri,
923 933 1108 1016 Aethiopiam

109 1034 225 1095 quoque
247 1016 366 1093 imperio
386 1014 502 1087 adiecit.
546 1015 605 1074 Sed
627 1024 656 1075 et
677 1015 754 1075 ludis
773 1016 880 1076 bellum
901 1018 1010 1094 intulit,
1034 1037 1107 1098 quos
1125 1031 1142 1085 9

107 1109 226 1180 praeter
247 1099 324 1158 illam
342 1108 373 1158 et
398 1099 595 1159 Alexandrum
619 1096 753 1175 llagnum
779 1117 862 1159 nemo
886 1102 1009 1160 intravit.
1061 1104 1107 1163 Ad
1118 1115 1151 1167 lo

107 1192 284 1263 postremum
311 1201 375 1242 cum
398 1182 582 1242 concubitum
603 1182 654 1241 lilii
676 1184 814 1260 petisset,
837 1183 873 1243 ab
895 1183 997 1243 eodem
1019 1187 1106 1246 inter·

63 1299 68 1326 :
106 1269 183 1327 lecta
199 1275 253 1343 est,
272 1266 328 1326 duo
343 1275 373 1325 et
390 1265 474 1326 XXX
489 1284 580 1326 annos
598 1274 666 1345 post
682 1265 785 1326 Ninum
799 1285 893 1344 regno
912 1270 1014 1346 potita.
1057 1270 1103 1331 Fi·
1116 1281 1147 1333 ll

106 1352 161 1411 lius
177 1352 239 1409 eius
253 1349 347 1424 Ninya
358 1359 511 1413 contentus
525 1348 676 1409 elaborato
689 1367 705 1409 a
721 1351 888 1428 parentibus
900 1352 1021 1430 imperio
1037 1352 1107 1414 belli

106 1434 199 1493 studia
218 1434 354 1512 deposuit
370 1442 399 1491 et
415 1433 503 1492 veluti
518 1452 619 1492 sexum
636 1450 699 1493 curu
715 1443 807 1494 matre
826 1444 981 1511 mutasset,
1004 1455 1070 1497 raro
1091 1455 1108 1496 a

107 1519 176 1576 viris
204 1518 284 1576 visus
304 1519 333 1577 in
352 1517 520 1577 laminarum
543 1517 627 1577 turba
649 1518 809 1576 consenuit.
853 1517 966 1577 Posteri
990 1530 1149 1597 quoqueib

63 1632 66 1637 ’
106 1602 169 1661 eius
183 1600 212 1658 id
228 1601 393 1679 exemplum
411 1603 503 1659 secuti
517 1617 662 1679 responsa
680 1599 815 1677 gentibus
840 1619 894 1678 per
917 1603 1107 1661 internuntios

106 1683 219 1744 dabant.
263 1682 418 1762 Imperium
431 1683 555 1759 Assyrii,
572 1685 619 1762 qui
635 1693 739 1762 postea
754 1683 821 1756 Syri
835 1683 903 1744 dicti
925 1693 1004 1761 suut,
1027 1686 1105 1745 mille
1116 1697 1150 1750 13

106 1769 245 1827 trecentis
260 1768 341 1826 annis
353 1775 483 1827 tenuere.

168 1852 197 1911 3.
216 1850 382 1910 Postremus
405 1846 481 1928 apud
503 1867 555 1909 eos
577 1851 711 1925 regnarit
726 1847 965 1926 Sardanapallus,
987 1852 1032 1908 vir
1045 1864 1138 1915 mir-1

105 1935 178 1995 liare
196 1936 369 2013 corruptior.
412 1934 458 1994 Ad
473 1934 548 1993 bunc
565 1931 718 1992 videndum
735 1929 827 2009 (quod
841 1933 946 1991 nemini
959 1940 1024 1992 ante
1040 1951 1103 1993 eum
1121 1944 1138 1996 2

106 2020 276 2097 permissum
294 2018 404 2095 iuerat)
421 2018 587 2097 praelectus
603 2017 695 2094 ipsius
715 2012 808 2074 bladis
831 2016 1033 2094 praepositus,
1054 2034 1105 2077 no·

105 2103 181 2161 mine
196 2100 351 2176 Arbactos,
369 2119 432 2160 cum
448 2101 554 2161 admitti
570 2117 674 2176 magna
690 2097 846 2158 ambitione
863 2116 953 2175 aegre
970 2098 1105 2159 obtinuis-

106 2185 285 2258 set,-inveuit
296 2202 360 2243 eum
372 2184 447 2245 inter
458 2193 622 2245 scortorum
636 2200 746 2259 greges
759 2182 1106 2260 purpurascclonentem

104 2277 136 2327 et
150 2265 283 2326 muliebri
296 2267 403 2344 babitu,
420 2287 485 2328 cum
499 2268 620 2327 mollitia
637 2265 771 2345 corporis
784 2275 812 2325 et
825 2267 975 2327 oculorum
986 2266 1106 2328 lascivia

106 2368 207 2411 omues
232 2350 353 2409 feminas
377 2355 519 2428 anteiret,
554 2368 644 2430 pensa
671 2351 746 2409 inter
771 2350 900 2426 virgines
923 2351 1105 2429 partientem.

106 2434 217 2509 Quibus
234 2435 304 2493 visis
319 2435 482 2512 indignatus
503 2435 552 2495 tali
573 2435 697 2495 feminae
719 2442 824 2493 tantum
846 2434 972 2494 udrorum
993 2436 1105 2495 subiec·
1123 2447 1141 2500 3
1165 2473 1168 2478 ι

107 2529 164 2578 tum
179 2527 393 2597 tractantesque
408 2520 516 2579 serrum
532 2527 561 2578 et
576 2536 654 2579 arma
670 2517 812 2577 babentes
827 2535 949 2597 parere,
965 2537 1104 2598 progres-

106 2621 156 2661 sus
171 2601 206 2661 ad
222 2603 322 2661 socios
338 2603 405 2679 quid
422 2604 531 2662 viderit
540 2603 647 2661 refert:
671 2610 759 2679 negat
775 2620 808 2661 se
831 2602 858 2661 ei
881 2621 986 2681 parere
1005 2621 1119 2682 posse,-

106 2686 205 2763 quise
224 2685 357 2745 laminam
380 2686 459 2746 malit
482 2691 549 2745 esse
576 2703 660 2764 qnam
682 2686 783 2743 virum.
827 2684 873 2745 Fit
896 2688 984 2762 igitur
1006 2688 1138 2749 cunin-4

106 2770 196 2836 ratio;
213 2768 320 2828 bellum
337 2770 545 2848 Sardanapallo
562 2770 691 2827 inlertur.
736 2769 800 2843 Quo
822 2769 871 2828 ille
892 2769 988 2829 audito
1003 2785 1060 2826 non
1076 2778 1107 2828 ut

35 2919 39 2926 .
106 2853 150 2910 vir
167 2867 287 2928 regnum
302 2852 484 2928 defensurus,
502 2854 567 2928 sed,
589 2861 620 2911 ut
634 2861 710 2911 metu
725 2855 825 2912 mortis
841 2852 976 2910 mulieres
998 2850 1105 2928 solent,

100 2936 198 3013 ,primo
213 2934 339 2995 latebras
359 2937 570 3015 circumspicit,
592 2952 660 2995 mox
680 2935 783 2995 deinde
806 2954 869 2994 cum
891 2934 991 3011 paucis
1014 2940 1044 2991 ct
1065 2935 1104 2991 in·

68 3095 70 3098 .
106 3020 267 3096 conpositis
280 3020 308 3079 iu
323 3018 430 3078 bellum
448 3019 642 3098 progreditur.
686 3019 790 3079 Victus
805 3020 833 3077 in
848 3017 960 3092 regiam
978 3032 1102 3075 serece·
1120 3029 1136 3080 5

106 3103 163 3180 pit,
180 3102 228 3162 ubi
243 3103 375 3164 extructa
394 3106 570 3181 incensaque
590 3119 662 3181 pyra
677 3111 706 3161 et
720 3120 753 3161 se
767 3110 797 3160 et
812 3099 926 3158 divitias
941 3115 1008 3157 suas
1024 3098 1052 3156 iu
1064 3101 1104 3158 in·

105 3185 236 3245 cendium
247 3187 346 3262 mittit,
363 3186 422 3246 boc
439 3187 506 3262 solo
522 3188 645 3246 imitatus
662 3186 763 3247 virurn.
796 3182 867 3243 Post
880 3181 956 3241 buno
969 3199 1022 3240 rex
1034 3198 1102 3240 con·
1120 3192 1138 3248 6

105 3269 413 3332 stituiturintericctor
435 3271 498 3330 eius
518 3269 681 3343 Arbactus,
704 3270 752 3346 qui
774 3266 941 3344 praelectus
956 3262 1105 3325 Medorum

103 3350 207 3412 luerat.
251 3352 280 3412 ls
295 3354 445 3432 imperium
462 3353 498 3413 ab
513 3353 644 3427 Assyriis
658 3351 693 3411 ad
708 3350 811 3412 bledos
826 3349 973 3410 transfert.

166 3437 197 3496 4.
213 3435 285 3496 Post
307 3437 412 3497 multos
440 3437 544 3498 deinde
569 3453 660 3511 reges
680 3432 883 3513 perordinem
906 3431 1102 3493 successionis
1121 3444 1136 3496 1
