2442 3975
108 201 201 257 xx111
216 197 271 256 aa
451 207 756 258 unsaramma.
1043 200 1103 262 139

109 364 236 424 secunda
251 365 365 441 proelia
382 377 446 422 eum
463 362 749 440 Carthaginiensibus
764 364 842 425 iacit.
875 364 1034 426 Interiectu
1052 367 1130 431 ‹te-s

108 449 175 507 inde
197 457 349 526 tempure
366 447 457 523 legati
483 446 519 505 ab
543 445 653 506 Italicis
679 448 768 506 sociis
795 465 904 506 venere
931 452 1102 525 nuntiantes,

107 532 205 591 resisti
229 530 366 589 Romanis
391 546 449 588 nou
475 546 582 606 posse,
621 528 854 607 deditionemque
881 531 1019 606 futuram,
1047 535 1103 592 uisi

108 613 271 672 subveniat.
309 613 420 671 Anxius
443 621 500 672 tam
522 612 656 690 ambiguo
674 614 807 691 periculo
825 616 1013 692 incertusque
1034 617 1131 693 quido

109 704 214 771 ageret
237 696 285 755 rel
309 696 412 773 quibus
436 697 556 774 primum
575 695 762 773 subveniret,
785 698 814 755 iu
828 706 979 775 utrumque
994 701 1103 775 pronus

107 777 307 838 consultabat:
329 780 436 858 qnippe
452 778 622 838 instantibus
641 778 708 839 hinc
724 778 1020 857 Carthaginiensibus,
1037 782 1131 846 iudet

109 860 247 921 Romanis
269 863 465 939 periculosum
492 861 645 921 ridebatur
670 864 830 922 exercitum
857 866 885 922 in
910 864 1021 924 ltaliam
1046 881 1104 935 non

110 946 246 1020 traicere,
263 947 458 1023 periculosius
474 963 490 1004 a
507 946 606 1004 Sicilia
623 945 781 1022 deducere,
798 965 834 1006 ne
852 956 899 1005 aut
915 948 956 1006 illi
972 966 1029 1006 nnn
1045 949 1103 1008 lata

109 1043 168 1106 ope
187 1037 234 1087 aut
255 1029 283 1088 hi
304 1029 413 1088 deserti
436 1030 643 1088 amitterentur.
678 1028 710 1087 ln
729 1029 787 1088 hoc
807 1039 888 1089 aestu
906 1032 1133 1108 periculorumss

107 1113 267 1170 tutissimus
290 1122 391 1191 portus
414 1112 600 1171 consiliorum
621 1113 702 1170 visus
719 1121 764 1171 est
781 1113 917 1192 omnibus¹
927 1114 1037 1173 viribus
1052 1115 1102 1194 des

109 1212 232 1253 cernere
254 1188 281 1254 in
303 1196 401 1255 Sicilia
425 1203 455 1254 et
476 1195 638 1273 profligatis
654 1192 940 1272 Carthaginiensibus
961 1199 1103 1256 victorem

9 1345 12 1354 x
107 1279 267 1337 exereitum
287 1288 477 1357 transponere
500 1280 527 1337 in
548 1277 670 1338 ltaliam.
703 1278 804 1357 ltaque
826 1289 963 1339 conserto
985 1280 1129 1358 praeliba

108 1379 173 1419 cnm
197 1364 332 1439 superior
352 1362 472 1437 fuisset,
499 1364 631 1439 quoniam
653 1371 747 1422 tamen
763 1380 778 1422 a
794 1365 892 1422 Sicilia
909 1363 989 1422 abire
1004 1373 1033 1422 et
1049 1382 1101 1441 prn

79 1493 83 1500 .
108 1445 187 1502 victo
209 1444 314 1519 lugere
332 1446 413 1504 visus
438 1454 483 1503 est
499 1463 534 1503 ac
549 1456 706 1522 propterea
722 1448 795 1504 socii
811 1446 847 1504 ab
864 1464 900 1506 eo
916 1447 1098 1520 deiecerunt,
1110 1447 1147 1513 '10

109 1536 138 1585 et
153 1529 304 1604 imperium
316 1528 433 1585 Siciliae
450 1537 505 1585 tam
523 1529 580 1586 cito
596 1531 706 1602 amisit,
723 1546 806 1606 quam
821 1530 908 1587 facile
925 1518 1099 1604 qhaesierat.

5 1672 10 1678 ,
108 1609 169 1669 Sed
191 1627 247 1667 nec
268 1611 296 1666 in
315 1607 397 1667 ltalia
415 1610 538 1667 meliore
560 1611 700 1669 felicitate
721 1629 790 1668 usus
812 1612 839 1668 in
861 1610 978 1688 Epirum
999 1629 1098 1671 rever·
1111 1625 1144 1679 11

106 1694 186 1750 titur.
229 1690 415 1750 Admirabilis
443 1693 591 1776 utriusque
622 1694 664 1751 rei
692 1711 776 1751 casus
799 1694 1012 1771 inexemplum
1037 1696 1099 1755 luit.

85 1775 89 1780 “
108 1772 181 1832 Nam
202 1775 277 1833 sicut
292 1783 357 1832 ante
374 1772 503 1832 secunda
519 1774 634 1833 lortuua
650 1774 740 1834 rebus
757 1794 843 1854 supra
858 1785 926 1836 vota
945 1778 1098 1837 liuentibus
1111 1790 1145 1843 12

108 1855 209 1915 ltaliae
238 1857 416 1935 Siciliaeque
442 1858 591 1932 imperium
618 1867 647 1915 et
673 1859 776 1918 tot'de
802 1859 938 1918 Romanis
964 1861 1102 1920 victorias

109 1940 292 2015 adtraxerat,
315 1942 353 1999 ita
377 1958 451 2000 nunu
475 1939 596 2000 adversa
613 1941 737 2000 velutin
754 1944 974 2001 ostentationem
991 1944 1101 2020 fragili·

108 2025 173 2082 tatis
187 2024 326 2083 humanae
342 2024 496 2083 destruens
516 2042 590 2101 qnae
606 2024 817 2099 cumulaverat,
841 2025 986 2084 Siciliensi
1001 2029 1102 2087 ruinae

108 2106 288 2184 naufragium
303 2109 390 2166 maris
407 2116 436 2166 et
450 2107 566 2166 laedam
582 2108 723 2166 adversus
739 2110 887 2169 Romanos
903 2127 1028 2186 pugnam
1043 2119 1101 2168 tur·

109 2207 236 2267 pemque
254 2190 290 2249 ab
306 2189 387 2250 Italia
404 2190 566 2249 discessum
583 2191 698 2250 adiecit.
737 2231 749 2251 .

119 2282 122 2285 '
170 2274 199 2331 4.
222 2274 292 2332 Post
309 2274 554 2351 proiectionema
580 2273 678 2331 Sicilia
700 2273 783 2347 Pyrri
810 2277 993 2351 magistratus
1008 2273 1125 2336 Hierol

109 2367 240 2432 creatur,
258 2358 340 2416 cuius
355 2366 431 2416 tanta
447 2357 607 2416 moderatio
624 2358 693 2431 fuit,
713 2368 742 2416 ut
758 2361 958 2417 ‹zursentteme
976 2360 1129 2418 omniomi

110 2442 265 2499 civitatium
298 2440 401 2499 lavore
435 2440 492 2498 dux
520 2440 659 2499 adversus
688 2438 942 2517 Carthaginienses
969 2443 1100 2527 primumz

107 2541 176 2581 mox
196 2542 251 2582 rex
273 2532 431 2583 crearetur.
474 2522 563 2582 Huius
583 2522 697 2582 futurae
718 2526 875 2583 maiestatis
897 2525 960 2602 ipsa
983 2525 1129 2587 iniantis3

109 2606 243 2664 educatio
270 2609 352 2683 quasi
377 2608 547 2684 praenuntia
567 2605 638 2664 fuit:
667 2608 912 2684 quippegenitus
935 2617 997 2665 erat
1017 2616 1131 2683 patret

76 2725 80 2731 -
108 2687 263 2764 Hierocle,
279 2688 369 2747 nobili
383 2691 465 2765 viro,
483 2691 563 2748 cuius
578 2691 662 2764 urigo
678 2708 693 2747 a
707 2689 834 2764 Gelone,
852 2691 968 2767 antiquo
982 2689 1100 2747 Siciliae

109 2780 249 2845 tyranno,
274 2771 420 2830 manabat:
444 2772 497 2831 sed
511 2780 668 2830 maternum
683 2771 726 2830 illi
743 2791 835 2848 genus
851 2773 997 2831 sordidum
1014 2780 1128 2847 atque5

109 2852 183 2913 adeo
207 2846 400 2932 pudibundum
421 2854 482 2912 luit.
520 2858 588 2912 Nam
612 2874 650 2914 ex
671 2856 775 2915 ancilla
788 2865 872 2914 natus
890 2872 924 2911 ac
939 2862 1127 2930 propterea6

109 2956 124 2997 a
145 2945 227 3014 patre
252 2937 334 2996 velut
360 2937 647 2996 dehonestamentum
673 2940 790 3013 generis
817 2936 968 3014 expositus
994 2934 1097 2993 luerat.

108 3022 167 3080 Sed
183 3020 331 3099 parvulum
347 3028 376 3078 et
390 3020 529 3078 humanae
547 3022 611 3097 opis
628 3029 762 3096 egentem
778 3036 849 3096 apes
863 3025 1005 3093 congesto
1019 3018 1126 3081 circat

107 3105 250 3163 iacentem
266 3103 353 3162 melle
368 3103 463 3162 multis
479 3102 580 3161 diebus
597 3104 707 3161 aluere.
730 3101 773 3160 0b
785 3119 869 3179 quam
881 3118 942 3158 rem
954 3111 1130 3176 respons08

109 3187 292 3265 haruspicum
318 3187 478 3245 admonitus
503 3194 603 3263 pater,
634 3189 682 3263 qui
706 3182 827 3261 regnum
848 3183 947 3241 inlanti
966 3182 1101 3259 portendi

110 3270 260 3343 canebant,
278 3270 427 3346 parvulum
437 3267 585 3344 recolligit
598 3270 732 3346 omnique
745 3266 839 3325 studio
857 3266 892 3324 ad
905 3283 986 3344 spem
998 3265 1100 3323 males·

110 3353 192 3425 tatis,
220 3370 294 3429 qnae
321 3350 558 3428 promittebatur,
590 3352 718 3409 instituit.
760 3349 861 3408 Eidem
883 3351 911 3407 in
933 3348 1000 3407 ludo
1025 3348 1129 3409 interd

111 3434 289 3512 coaequales
305 3434 426 3494 discenti
441 3436 526 3511 lupus
537 3433 663 3493 tabulam
676 3436 703 3491 in
715 3432 797 3491 turba
809 3448 965 3509 puerorum
978 3439 1102 3508 repente
