<?xml version="1.0" encoding="UTF-8"?>
<!DOCTYPE html PUBLIC "-//W3C//DTD XHTML 1.0 Transitional//EN"
    "http://www.w3.org/TR/xhtml1/DTD/xhtml1-transitional.dtd">
<html xmlns="http://www.w3.org/1999/xhtml" xml:lang="en" lang="en">
 <head>
  <title>
</title>
<meta http-equiv="Content-Type" content="text/html;charset=utf-8" />
  <meta name='ocr-system' content='tesseract 3.04.00' />
  <meta name='ocr-capabilities' content='ocr_page ocr_carea ocr_par ocr_line ocrx_word'/>
</head>
<body>
  <div class='ocr_page' id='page_1' title='image "./iustinustrogipo00troggoog_0410.png"; bbox 0 0 2442 3975; ppageno 0'>
   <div class='ocr_carea' id='block_1_1' title="bbox 144 171 1130 235">
    <p class='ocr_par' dir='ltr' id='par_1_1' title="bbox 144 171 1130 235">
     <span class='ocr_line' id='line_1_1' title="bbox 144 171 1130 235; baseline 0.003 -5"><span class='ocrx_word' id='word_1_1' title='bbox 144 171 204 235; x_wconf 84' lang='lat'>190</span> <span class='ocrx_word' id='word_1_2' title='bbox 509 182 616 230; x_wconf 80' lang='lat' dir='ltr'>unocr</span> <span class='ocrx_word' id='word_1_3' title='bbox 631 182 761 231; x_wconf 76' lang='lat' dir='ltr'>eonem</span> <span class='ocrx_word' id='word_1_4' title='bbox 912 175 1130 233; x_wconf 72' lang='lat' dir='ltr'>xxxviiia-⁷</span> 
     </span>
    </p>
   </div>
   <div class='ocr_carea' id='block_1_2' title="bbox 49 335 1131 3067">
    <p class='ocr_par' dir='ltr' id='par_1_2' title="bbox 112 335 1131 745">
     <span class='ocr_line' id='line_1_2' title="bbox 141 335 1131 413; baseline 0.004 -20"><span class='ocrx_word' id='word_1_5' title='bbox 141 345 200 395; x_wconf 87' lang='lat' dir='ltr'>tem</span> <span class='ocrx_word' id='word_1_6' title='bbox 215 336 345 413; x_wconf 84' lang='lat' dir='ltr'>insequi,</span> <span class='ocrx_word' id='word_1_7' title='bbox 366 353 461 412; x_wconf 88' lang='lat' dir='ltr'>neque</span> <span class='ocrx_word' id='word_1_8' title='bbox 480 338 509 394; x_wconf 90' lang='lat' dir='ltr'>in</span> <span class='ocrx_word' id='word_1_9' title='bbox 523 353 580 394; x_wconf 89' lang='lat' dir='ltr'>nno</span> <span class='ocrx_word' id='word_1_10' title='bbox 605 353 653 412; x_wconf 88' lang='lat' dir='ltr'>se,</span> <span class='ocrx_word' id='word_1_11' title='bbox 675 335 727 395; x_wconf 88' lang='lat' dir='ltr'>sed</span> <span class='ocrx_word' id='word_1_12' title='bbox 743 338 772 394; x_wconf 91' lang='lat' dir='ltr'>in</span> <span class='ocrx_word' id='word_1_13' title='bbox 787 336 851 395; x_wconf 90' lang='lat' dir='ltr'>aliis</span> <span class='ocrx_word' id='word_1_14' title='bbox 867 338 1131 413; x_wconf 82' lang='lat' dir='ltr'>qnoqueomnibns</span> 
     </span>
     <span class='ocr_line' id='line_1_3' title="bbox 113 418 1131 499; baseline 0 -20"><span class='ocrx_word' id='word_1_15' title='bbox 113 418 196 479; x_wconf 63' lang='lat' dir='ltr'>abac</span> <span class='ocrx_word' id='word_1_16' title='bbox 210 436 300 496; x_wconf 81' lang='lat' dir='ltr'><strong>saepe</strong></span> <span class='ocrx_word' id='word_1_17' title='bbox 313 428 374 477; x_wconf 91' lang='lat' dir='ltr'>arte</span> <span class='ocrx_word' id='word_1_18' title='bbox 391 428 551 494; x_wconf 78' lang='lat' dir='ltr'><strong>grassatos.</strong></span> <span class='ocrx_word' id='word_1_19' title='bbox 583 420 633 478; x_wconf 92' lang='lat' dir='ltr'>Sic</span> <span class='ocrx_word' id='word_1_20' title='bbox 649 427 678 477; x_wconf 92' lang='lat' dir='ltr'>et</span> <span class='ocrx_word' id='word_1_21' title='bbox 693 437 775 477; x_wconf 86' lang='lat' dir='ltr'>avum</span> <span class='ocrx_word' id='word_1_22' title='bbox 792 432 872 478; x_wconf 87' lang='lat' dir='ltr'>snum</span> <span class='ocrx_word' id='word_1_23' title='bbox 889 418 1057 478; x_wconf 79' lang='lat' dir='ltr'>Pharnacen</span> <span class='ocrx_word' id='word_1_24' title='bbox 1073 439 1131 499; x_wconf 92' lang='lat' dir='ltr'>per</span> 
     </span>
     <span class='ocr_line' id='line_1_4' title="bbox 143 501 1129 577; baseline 0.003 -18"><span class='ocrx_word' id='word_1_25' title='bbox 143 502 337 576; x_wconf 79' lang='lat' dir='ltr'>cognitionum</span> <span class='ocrx_word' id='word_1_26' title='bbox 360 501 479 560; x_wconf 87' lang='lat' dir='ltr'>arbitria.</span> <span class='ocrx_word' id='word_1_27' title='bbox 501 502 704 560; x_wconf 88' lang='lat' dir='ltr'>succidaneum</span> <span class='ocrx_word' id='word_1_28' title='bbox 724 503 787 577; x_wconf 87' lang='lat' dir='ltr'>regi</span> <span class='ocrx_word' id='word_1_29' title='bbox 809 502 989 577; x_wconf 83' lang='lat' dir='ltr'>Pergameno</span> <span class='ocrx_word' id='word_1_30' title='bbox 1006 502 1129 562; x_wconf 82' lang='lat' dir='ltr'>Eumeni</span> 
     </span>
     <span class='ocr_line' id='line_1_5' title="bbox 112 583 1129 662; baseline 0.003 -21"><span class='ocrx_word' id='word_1_31' title='bbox 112 584 250 652; x_wconf 83' lang='lat' dir='ltr'>3datum;</span> <span class='ocrx_word' id='word_1_32' title='bbox 267 586 310 643; x_wconf 90' lang='lat' dir='ltr'>sic</span> <span class='ocrx_word' id='word_1_33' title='bbox 327 603 426 643; x_wconf 89' lang='lat' dir='ltr'>rursus</span> <span class='ocrx_word' id='word_1_34' title='bbox 441 583 614 658; x_wconf 85' lang='lat' dir='ltr'>Eumenem,</span> <span class='ocrx_word' id='word_1_35' title='bbox 630 585 710 643; x_wconf 90' lang='lat' dir='ltr'>cuius</span> <span class='ocrx_word' id='word_1_36' title='bbox 727 585 869 643; x_wconf 87' lang='lat' dir='ltr'>classibus</span> <span class='ocrx_word' id='word_1_37' title='bbox 886 586 976 662; x_wconf 89' lang='lat' dir='ltr'>primo</span> <span class='ocrx_word' id='word_1_38' title='bbox 989 587 1016 644; x_wconf 92' lang='lat' dir='ltr'>in</span> <span class='ocrx_word' id='word_1_39' title='bbox 1029 586 1129 644; x_wconf 86' lang='lat' dir='ltr'>Asiam</span> 
     </span>
     <span class='ocr_line' id='line_1_6' title="bbox 140 667 1128 745; baseline 0.003 -21"><span class='ocrx_word' id='word_1_40' title='bbox 140 667 223 727; x_wconf 84' lang='lat' dir='ltr'>lucre</span> <span class='ocrx_word' id='word_1_41' title='bbox 239 668 402 741; x_wconf 88' lang='lat' dir='ltr'>transiecti,</span> <span class='ocrx_word' id='word_1_42' title='bbox 422 669 501 725; x_wconf 91' lang='lat' dir='ltr'>cuius</span> <span class='ocrx_word' id='word_1_43' title='bbox 517 669 648 725; x_wconf 88' lang='lat' dir='ltr'>exercitu</span> <span class='ocrx_word' id='word_1_44' title='bbox 668 669 760 742; x_wconf 78' lang='lat' dir='ltr'>magis</span> <span class='ocrx_word' id='word_1_45' title='bbox 780 685 865 745; x_wconf 85' lang='lat' dir='ltr'>quarn</span> <span class='ocrx_word' id='word_1_46' title='bbox 880 686 935 726; x_wconf 87' lang='lat' dir='ltr'>suc</span> <span class='ocrx_word' id='word_1_47' title='bbox 950 678 979 726; x_wconf 89' lang='lat' dir='ltr'>et</span> <span class='ocrx_word' id='word_1_48' title='bbox 994 686 1128 744; x_wconf 80' lang='lat' dir='ltr'>magnum</span> 
     </span>
    </p>

    <p class='ocr_par' dir='ltr' id='par_1_3' title="bbox 92 748 1128 827">
     <span class='ocr_line' id='line_1_7' title="bbox 92 748 1128 827; baseline 0.004 -21"><span class='ocrx_word' id='word_1_49' title='bbox 92 780 94 786; x_wconf 31' lang='grc' dir='ltr'><strong><em>ι</em></strong></span> <span class='ocrx_word' id='word_1_50' title='bbox 141 748 313 808; x_wconf 78' lang='lat' dir='ltr'>Antiochum</span> <span class='ocrx_word' id='word_1_51' title='bbox 334 758 364 807; x_wconf 88' lang='lat' dir='ltr'>et</span> <span class='ocrx_word' id='word_1_52' title='bbox 385 749 485 808; x_wconf 87' lang='lat' dir='ltr'>Gallos</span> <span class='ocrx_word' id='word_1_53' title='bbox 502 752 531 808; x_wconf 91' lang='lat' dir='ltr'>in</span> <span class='ocrx_word' id='word_1_54' title='bbox 550 749 620 808; x_wconf 90' lang='lat' dir='ltr'>Asia</span> <span class='ocrx_word' id='word_1_55' title='bbox 643 758 672 808; x_wconf 89' lang='lat' dir='ltr'>et</span> <span class='ocrx_word' id='word_1_56' title='bbox 693 766 760 808; x_wconf 88' lang='lat' dir='ltr'>mox</span> <span class='ocrx_word' id='word_1_57' title='bbox 780 752 809 808; x_wconf 91' lang='lat' dir='ltr'>in</span> <span class='ocrx_word' id='word_1_58' title='bbox 830 750 1001 810; x_wconf 83' lang='lat' dir='ltr'>Macedonia</span> <span class='ocrx_word' id='word_1_59' title='bbox 1023 769 1128 827; x_wconf 78' lang='lat' dir='ltr'>regern</span> 
     </span>
    </p>

    <p class='ocr_par' dir='ltr' id='par_1_4' title="bbox 110 832 1129 1408">
     <span class='ocr_line' id='line_1_8' title="bbox 111 832 1128 911; baseline -0.001 -17"><span class='ocrx_word' id='word_1_60' title='bbox 111 833 247 894; x_wconf 76' lang='lat' dir='ltr'>APerseu</span> <span class='ocrx_word' id='word_1_61' title='bbox 263 832 447 907; x_wconf 79' lang='lat' dir='ltr'>domuerant,</span> <span class='ocrx_word' id='word_1_62' title='bbox 467 841 497 889; x_wconf 89' lang='lat' dir='ltr'>et</span> <span class='ocrx_word' id='word_1_63' title='bbox 510 834 603 910; x_wconf 89' lang='lat' dir='ltr'>ipsum</span> <span class='ocrx_word' id='word_1_64' title='bbox 619 849 673 909; x_wconf 91' lang='lat' dir='ltr'>pro</span> <span class='ocrx_word' id='word_1_65' title='bbox 691 832 775 891; x_wconf 89' lang='lat' dir='ltr'>hoste</span> <span class='ocrx_word' id='word_1_66' title='bbox 795 832 921 891; x_wconf 90' lang='lat' dir='ltr'>habitum</span> <span class='ocrx_word' id='word_1_67' title='bbox 937 835 1022 911; x_wconf 87' lang='lat' dir='ltr'>eique</span> <span class='ocrx_word' id='word_1_68' title='bbox 1038 835 1128 892; x_wconf 86' lang='lat' dir='ltr'>inter·</span> 
     </span>
     <span class='ocr_line' id='line_1_9' title="bbox 141 914 1126 994; baseline 0.002 -21"><span class='ocrx_word' id='word_1_69' title='bbox 141 914 243 973; x_wconf 90' lang='lat' dir='ltr'>dictum</span> <span class='ocrx_word' id='word_1_70' title='bbox 267 914 366 988; x_wconf 90' lang='lat' dir='ltr'>ltalia,</span> <span class='ocrx_word' id='word_1_71' title='bbox 394 924 424 972; x_wconf 90' lang='lat' dir='ltr'>et</span> <span class='ocrx_word' id='word_1_72' title='bbox 444 915 521 992; x_wconf 91' lang='lat' dir='ltr'>quod</span> <span class='ocrx_word' id='word_1_73' title='bbox 543 933 606 974; x_wconf 88' lang='lat' dir='ltr'>curn</span> <span class='ocrx_word' id='word_1_74' title='bbox 627 916 692 992; x_wconf 92' lang='lat' dir='ltr'>ipso</span> <span class='ocrx_word' id='word_1_75' title='bbox 714 914 845 974; x_wconf 82' lang='lat' dir='ltr'>deforme</span> <span class='ocrx_word' id='word_1_76' title='bbox 868 915 923 974; x_wconf 91' lang='lat' dir='ltr'>sibi</span> <span class='ocrx_word' id='word_1_77' title='bbox 943 926 1126 994; x_wconf 85' lang='lat' dir='ltr'>putaverant,</span> 
     </span>
     <span class='ocr_line' id='line_1_10' title="bbox 111 995 1127 1075; baseline -0.001 -16"><span class='ocrx_word' id='word_1_78' title='bbox 111 1011 203 1060; x_wconf 74' lang='lat' dir='ltr'>ocum</span> <span class='ocrx_word' id='word_1_79' title='bbox 217 998 275 1056; x_wconf 86' lang='lat' dir='ltr'>lilio</span> <span class='ocrx_word' id='word_1_80' title='bbox 293 1000 354 1056; x_wconf 90' lang='lat' dir='ltr'>eius</span> <span class='ocrx_word' id='word_1_81' title='bbox 371 997 538 1056; x_wconf 78' lang='lat' dir='ltr'>Aristonico</span> <span class='ocrx_word' id='word_1_82' title='bbox 557 995 664 1056; x_wconf 91' lang='lat' dir='ltr'>bellum</span> <span class='ocrx_word' id='word_1_83' title='bbox 680 999 820 1073; x_wconf 77' lang='lat' dir='ltr'>gessisse.</span> <span class='ocrx_word' id='word_1_84' title='bbox 849 997 962 1058; x_wconf 77' lang='lat' dir='ltr'>Nullius</span> <span class='ocrx_word' id='word_1_85' title='bbox 979 999 1054 1075; x_wconf 92' lang='lat' dir='ltr'>apnd</span> <span class='ocrx_word' id='word_1_86' title='bbox 1072 1017 1127 1058; x_wconf 92' lang='lat' dir='ltr'>eos</span> 
     </span>
     <span class='ocr_line' id='line_1_11' title="bbox 139 1078 1128 1156; baseline 0.003 -18"><span class='ocrx_word' id='word_1_87' title='bbox 139 1083 247 1139; x_wconf 88' lang='lat' dir='ltr'>maiora</span> <span class='ocrx_word' id='word_1_88' title='bbox 269 1097 353 1156; x_wconf 89' lang='lat' dir='ltr'>quam</span> <span class='ocrx_word' id='word_1_89' title='bbox 368 1078 554 1154; x_wconf 83' lang='lat' dir='ltr'>Masinissae,</span> <span class='ocrx_word' id='word_1_90' title='bbox 575 1082 656 1156; x_wconf 80' lang='lat' dir='ltr'>regis</span> <span class='ocrx_word' id='word_1_91' title='bbox 671 1080 869 1156; x_wconf 87' lang='lat' dir='ltr'>Numidarum,</span> <span class='ocrx_word' id='word_1_92' title='bbox 890 1081 993 1140; x_wconf 89' lang='lat' dir='ltr'>haberi</span> <span class='ocrx_word' id='word_1_93' title='bbox 1006 1085 1128 1142; x_wconf 86' lang='lat' dir='ltr'>merita:</span> 
     </span>
     <span class='ocr_line' id='line_1_12' title="bbox 139 1162 1127 1242; baseline 0.001 -21"><span class='ocrx_word' id='word_1_94' title='bbox 139 1163 205 1221; x_wconf 89' lang='lat' dir='ltr'>hnic</span> <span class='ocrx_word' id='word_1_95' title='bbox 229 1164 350 1240; x_wconf 86' lang='lat' dir='ltr'>inputari</span> <span class='ocrx_word' id='word_1_96' title='bbox 375 1164 481 1221; x_wconf 84' lang='lat' dir='ltr'>victum</span> <span class='ocrx_word' id='word_1_97' title='bbox 506 1163 695 1237; x_wconf 84' lang='lat' dir='ltr'>Annibalem,</span> <span class='ocrx_word' id='word_1_98' title='bbox 719 1164 786 1222; x_wconf 92' lang='lat' dir='ltr'>huic</span> <span class='ocrx_word' id='word_1_99' title='bbox 811 1173 925 1242; x_wconf 84' lang='lat' dir='ltr'>captum</span> <span class='ocrx_word' id='word_1_100' title='bbox 949 1162 1127 1240; x_wconf 78' lang='lat' dir='ltr'>Syphacem,</span> 
     </span>
     <span class='ocr_line' id='line_1_13' title="bbox 140 1243 1129 1320; baseline 0.002 -16"><span class='ocrx_word' id='word_1_101' title='bbox 140 1246 205 1304; x_wconf 89' lang='lat' dir='ltr'>huic</span> <span class='ocrx_word' id='word_1_102' title='bbox 224 1243 427 1320; x_wconf 82' lang='lat' dir='ltr'>Carthaginem</span> <span class='ocrx_word' id='word_1_103' title='bbox 447 1246 586 1312; x_wconf 65' lang='lat' dir='ltr'>deletam</span> <span class='ocrx_word' id='word_1_104' title='bbox 610 1246 685 1313; x_wconf 87' lang='lat' dir='ltr'>hunc</span> <span class='ocrx_word' id='word_1_105' title='bbox 708 1248 782 1305; x_wconf 87' lang='lat' dir='ltr'>inter</span> <span class='ocrx_word' id='word_1_106' title='bbox 798 1246 871 1306; x_wconf 93' lang='lat' dir='ltr'>duos</span> <span class='ocrx_word' id='word_1_107' title='bbox 887 1247 954 1306; x_wconf 91' lang='lat' dir='ltr'>illos</span> <span class='ocrx_word' id='word_1_108' title='bbox 964 1247 1129 1306; x_wconf 83' lang='lat' dir='ltr'>-Alricanns</span> 
     </span>
     <span class='ocr_line' id='line_1_14' title="bbox 110 1327 1129 1408; baseline -0.001 -19"><span class='ocrx_word' id='word_1_109' title='bbox 110 1329 252 1390; x_wconf 88' lang='lat' dir='ltr'>6tertium</span> <span class='ocrx_word' id='word_1_110' title='bbox 274 1336 453 1386; x_wconf 85' lang='lat' dir='ltr'>servatorem</span> <span class='ocrx_word' id='word_1_111' title='bbox 474 1327 552 1405; x_wconf 88' lang='lat' dir='ltr'>urbis</span> <span class='ocrx_word' id='word_1_112' title='bbox 568 1328 689 1387; x_wconf 80' lang='lat' dir='ltr'>referri:</span> <span class='ocrx_word' id='word_1_113' title='bbox 711 1338 806 1387; x_wconf 86' lang='lat' dir='ltr'>tamen</span> <span class='ocrx_word' id='word_1_114' title='bbox 829 1348 892 1389; x_wconf 93' lang='lat' dir='ltr'>cum</span> <span class='ocrx_word' id='word_1_115' title='bbox 913 1329 997 1388; x_wconf 91' lang='lat' dir='ltr'>huius</span> <span class='ocrx_word' id='word_1_116' title='bbox 1016 1340 1129 1408; x_wconf 79' lang='lat' dir='ltr'>nepote</span> 
     </span>
    </p>

    <p class='ocr_par' dir='ltr' id='par_1_5' title="bbox 78 1405 1128 1573">
     <span class='ocr_line' id='line_1_15' title="bbox 78 1405 1128 1489; baseline 0.003 -20"><span class='ocrx_word' id='word_1_117' title='bbox 78 1405 82 1411; x_wconf 77' lang='grc'><em>’</em></span> <span class='ocrx_word' id='word_1_118' title='bbox 138 1410 247 1469; x_wconf 87' lang='lat' dir='ltr'>bellum</span> <span class='ocrx_word' id='word_1_119' title='bbox 263 1411 349 1469; x_wconf 92' lang='lat' dir='ltr'>modo</span> <span class='ocrx_word' id='word_1_120' title='bbox 362 1413 389 1468; x_wconf 91' lang='lat' dir='ltr'>in</span> <span class='ocrx_word' id='word_1_121' title='bbox 402 1410 500 1469; x_wconf 89' lang='lat' dir='ltr'>Alrica</span> <span class='ocrx_word' id='word_1_122' title='bbox 512 1421 627 1486; x_wconf 81' lang='lat' dir='ltr'>gestum</span> <span class='ocrx_word' id='word_1_123' title='bbox 639 1405 713 1471; x_wconf 91' lang='lat' dir='ltr'>adeo</span> <span class='ocrx_word' id='word_1_124' title='bbox 728 1412 915 1489; x_wconf 83' lang='lat' dir='ltr'>inexpiabile,</span> <span class='ocrx_word' id='word_1_125' title='bbox 931 1423 960 1472; x_wconf 91' lang='lat' dir='ltr'>ut</span> <span class='ocrx_word' id='word_1_126' title='bbox 971 1431 1007 1472; x_wconf 87' lang='lat' dir='ltr'>ne</span> <span class='ocrx_word' id='word_1_127' title='bbox 1018 1416 1128 1472; x_wconf 78' lang='lat' dir='ltr'>victum</span> 
     </span>
     <span class='ocr_line' id='line_1_16' title="bbox 139 1492 1125 1573; baseline 0.003 -22"><span class='ocrx_word' id='word_1_128' title='bbox 139 1493 252 1571; x_wconf 91' lang='lat' dir='ltr'>quidem</span> <span class='ocrx_word' id='word_1_129' title='bbox 269 1492 358 1571; x_wconf 89' lang='lat' dir='ltr'>patris</span> <span class='ocrx_word' id='word_1_130' title='bbox 373 1496 531 1552; x_wconf 86' lang='lat' dir='ltr'>memoriae</span> <span class='ocrx_word' id='word_1_131' title='bbox 548 1495 703 1572; x_wconf 82' lang='lat' dir='ltr'>donarent,</span> <span class='ocrx_word' id='word_1_132' title='bbox 726 1497 793 1573; x_wconf 91' lang='lat' dir='ltr'>quin</span> <span class='ocrx_word' id='word_1_133' title='bbox 810 1512 959 1554; x_wconf 87' lang='lat' dir='ltr'>carcerem</span> <span class='ocrx_word' id='word_1_134' title='bbox 976 1514 1011 1555; x_wconf 87' lang='lat' dir='ltr'>ac</span> <span class='ocrx_word' id='word_1_135' title='bbox 1027 1499 1125 1554; x_wconf 88' lang='lat' dir='ltr'>trium·</span> 
     </span>
    </p>

    <p class='ocr_par' dir='ltr' id='par_1_6' title="bbox 110 1576 1125 1738">
     <span class='ocr_line' id='line_1_17' title="bbox 110 1576 1125 1654; baseline -0.002 -15"><span class='ocrx_word' id='word_1_136' title='bbox 110 1576 188 1653; x_wconf 83' lang='lat' dir='ltr'>tpht</span> <span class='ocrx_word' id='word_1_137' title='bbox 205 1576 404 1653; x_wconf 86' lang='lat' dir='ltr'>spectaculum</span> <span class='ocrx_word' id='word_1_138' title='bbox 423 1578 616 1654; x_wconf 86' lang='lat' dir='ltr'>experiretur.</span> <span class='ocrx_word' id='word_1_139' title='bbox 654 1577 734 1638; x_wconf 90' lang='lat' dir='ltr'>Hanc</span> <span class='ocrx_word' id='word_1_140' title='bbox 755 1578 824 1637; x_wconf 92' lang='lat' dir='ltr'>illos</span> <span class='ocrx_word' id='word_1_141' title='bbox 848 1579 978 1653; x_wconf 87' lang='lat' dir='ltr'>omnibus</span> <span class='ocrx_word' id='word_1_142' title='bbox 1003 1578 1125 1654; x_wconf 81' lang='lat' dir='ltr'>regibus</span> 
     </span>
     <span class='ocr_line' id='line_1_18' title="bbox 138 1659 1125 1738; baseline 0.003 -21"><span class='ocrx_word' id='word_1_143' title='bbox 138 1660 235 1735; x_wconf 83' lang='lat' dir='ltr'>legem</span> <span class='ocrx_word' id='word_1_144' title='bbox 252 1660 383 1721; x_wconf 90' lang='lat' dir='ltr'>odiorum</span> <span class='ocrx_word' id='word_1_145' title='bbox 398 1659 523 1734; x_wconf 87' lang='lat' dir='ltr'>dixisse,</span> <span class='ocrx_word' id='word_1_146' title='bbox 539 1661 654 1720; x_wconf 87' lang='lat' dir='ltr'>scilicet</span> <span class='ocrx_word' id='word_1_147' title='bbox 670 1663 736 1737; x_wconf 87' lang='lat' dir='ltr'>quia</span> <span class='ocrx_word' id='word_1_148' title='bbox 751 1662 807 1737; x_wconf 90' lang='lat' dir='ltr'>ipsi</span> <span class='ocrx_word' id='word_1_149' title='bbox 824 1662 899 1720; x_wconf 89' lang='lat' dir='ltr'>tales</span> <span class='ocrx_word' id='word_1_150' title='bbox 914 1680 1003 1738; x_wconf 84' lang='lat' dir='ltr'>reges</span> <span class='ocrx_word' id='word_1_151' title='bbox 1017 1661 1125 1721; x_wconf 87' lang='lat' dir='ltr'>habue-</span> 
     </span>
    </p>

    <p class='ocr_par' dir='ltr' id='par_1_7' title="bbox 49 1743 1125 1821">
     <span class='ocr_line' id='line_1_19' title="bbox 49 1743 1125 1821; baseline 0.002 -21"><span class='ocrx_word' id='word_1_152' title='bbox 49 1780 52 1783; x_wconf 95' lang='lat'>-</span> <span class='ocrx_word' id='word_1_153' title='bbox 138 1745 208 1817; x_wconf 89' lang='lat' dir='ltr'>rint,</span> <span class='ocrx_word' id='word_1_154' title='bbox 229 1759 349 1819; x_wconf 89' lang='lat' dir='ltr'>quorum</span> <span class='ocrx_word' id='word_1_155' title='bbox 365 1745 449 1801; x_wconf 88' lang='lat' dir='ltr'>etiam</span> <span class='ocrx_word' id='word_1_156' title='bbox 465 1743 834 1818; x_wconf 89' lang='lat' dir='ltr'>nominibus-erubescant,</span> <span class='ocrx_word' id='word_1_157' title='bbox 854 1753 902 1803; x_wconf 93' lang='lat' dir='ltr'>ant</span> <span class='ocrx_word' id='word_1_158' title='bbox 916 1754 1049 1821; x_wconf 86' lang='lat' dir='ltr'>pastores</span> <span class='ocrx_word' id='word_1_159' title='bbox 1064 1744 1125 1802; x_wconf 89' lang='lat' dir='ltr'>Ab·</span> 
     </span>
    </p>

    <p class='ocr_par' dir='ltr' id='par_1_8' title="bbox 98 1826 1124 1989">
     <span class='ocr_line' id='line_1_20' title="bbox 98 1826 1124 1904; baseline 0 -20"><span class='ocrx_word' id='word_1_160' title='bbox 98 1863 101 1869; x_wconf 71' lang='lat'>‚</span> <span class='ocrx_word' id='word_1_161' title='bbox 138 1827 294 1902; x_wconf 82' lang='lat' dir='ltr'>originum,</span> <span class='ocrx_word' id='word_1_162' title='bbox 311 1835 358 1884; x_wconf 89' lang='lat' dir='ltr'>aut</span> <span class='ocrx_word' id='word_1_163' title='bbox 378 1826 549 1904; x_wconf 89' lang='lat' dir='ltr'>haruspices</span> <span class='ocrx_word' id='word_1_164' title='bbox 565 1826 754 1902; x_wconf 89' lang='lat' dir='ltr'>Sabinomm,</span> <span class='ocrx_word' id='word_1_165' title='bbox 771 1836 819 1885; x_wconf 89' lang='lat' dir='ltr'>aut</span> <span class='ocrx_word' id='word_1_166' title='bbox 840 1827 942 1886; x_wconf 86' lang='lat' dir='ltr'>exules</span> <span class='ocrx_word' id='word_1_167' title='bbox 962 1826 1124 1886; x_wconf 83' lang='lat' dir='ltr'>Corinthio·</span> 
     </span>
     <span class='ocr_line' id='line_1_21' title="bbox 138 1909 1124 1989; baseline 0.002 -23"><span class='ocrx_word' id='word_1_168' title='bbox 138 1926 215 1984; x_wconf 91' lang='lat' dir='ltr'>rum,</span> <span class='ocrx_word' id='word_1_169' title='bbox 235 1917 282 1967; x_wconf 90' lang='lat' dir='ltr'>aut</span> <span class='ocrx_word' id='word_1_170' title='bbox 296 1925 398 1967; x_wconf 90' lang='lat' dir='ltr'>servos</span> <span class='ocrx_word' id='word_1_171' title='bbox 414 1927 577 1986; x_wconf 89' lang='lat' dir='ltr'>vernasque</span> <span class='ocrx_word' id='word_1_172' title='bbox 594 1909 771 1985; x_wconf 82' lang='lat' dir='ltr'>Tuscorum,</span> <span class='ocrx_word' id='word_1_173' title='bbox 787 1919 851 1985; x_wconf 90' lang='lat' dir='ltr'>aut,</span> <span class='ocrx_word' id='word_1_174' title='bbox 868 1910 946 1989; x_wconf 92' lang='lat' dir='ltr'>quod</span> <span class='ocrx_word' id='word_1_175' title='bbox 961 1910 1124 1984; x_wconf 82' lang='lat' dir='ltr'>honoratis·</span> 
     </span>
    </p>

    <p class='ocr_par' dir='ltr' id='par_1_9' title="bbox 108 1992 1127 2236">
     <span class='ocr_line' id='line_1_22' title="bbox 108 1992 1127 2071; baseline 0.003 -21"><span class='ocrx_word' id='word_1_176' title='bbox 108 1994 237 2056; x_wconf 73' lang='lat' dir='ltr'>ssimum</span> <span class='ocrx_word' id='word_1_177' title='bbox 254 2009 359 2060; x_wconf 87' lang='lat' dir='ltr'>nornen</span> <span class='ocrx_word' id='word_1_178' title='bbox 373 1992 425 2051; x_wconf 90' lang='lat' dir='ltr'>luit</span> <span class='ocrx_word' id='word_1_179' title='bbox 439 1995 513 2058; x_wconf 83' lang='lat' dir='ltr'>iuter</span> <span class='ocrx_word' id='word_1_180' title='bbox 524 1993 608 2067; x_wconf 83' lang='lat' dir='ltr'>haec,</span> <span class='ocrx_word' id='word_1_181' title='bbox 627 1993 792 2071; x_wconf 88' lang='lat' dir='ltr'>Superbos;</span> <span class='ocrx_word' id='word_1_182' title='bbox 808 1994 1127 2068; x_wconf 84' lang='lat' dir='ltr'>atqueutipsilecerint</span> 
     </span>
     <span class='ocr_line' id='line_1_23' title="bbox 138 2075 1124 2154; baseline -0.001 -20"><span class='ocrx_word' id='word_1_183' title='bbox 138 2076 304 2134; x_wconf 88' lang='lat' dir='ltr'>conditores</span> <span class='ocrx_word' id='word_1_184' title='bbox 320 2092 389 2134; x_wconf 91' lang='lat' dir='ltr'>suos</span> <span class='ocrx_word' id='word_1_185' title='bbox 408 2075 495 2154; x_wconf 91' lang='lat' dir='ltr'>lupae</span> <span class='ocrx_word' id='word_1_186' title='bbox 510 2075 650 2135; x_wconf 88' lang='lat' dir='ltr'>uberibus</span> <span class='ocrx_word' id='word_1_187' title='bbox 665 2077 757 2151; x_wconf 86' lang='lat' dir='ltr'>altos,</span> <span class='ocrx_word' id='word_1_188' title='bbox 780 2077 823 2135; x_wconf 91' lang='lat' dir='ltr'>sic</span> <span class='ocrx_word' id='word_1_189' title='bbox 841 2092 955 2135; x_wconf 91' lang='lat' dir='ltr'>omnem</span> <span class='ocrx_word' id='word_1_190' title='bbox 972 2075 1051 2134; x_wconf 93' lang='lat' dir='ltr'>illum</span> <span class='ocrx_word' id='word_1_191' title='bbox 1069 2092 1124 2151; x_wconf 85' lang='lat' dir='ltr'>pa·</span> 
     </span>
     <span class='ocr_line' id='line_1_24' title="bbox 137 2158 1125 2236; baseline 0.001 -21"><span class='ocrx_word' id='word_1_192' title='bbox 137 2159 235 2235; x_wconf 90' lang='lat' dir='ltr'>pulum</span> <span class='ocrx_word' id='word_1_193' title='bbox 250 2158 382 2235; x_wconf 88' lang='lat' dir='ltr'>luporum</span> <span class='ocrx_word' id='word_1_194' title='bbox 398 2160 522 2234; x_wconf 88' lang='lat' dir='ltr'>animos,</span> <span class='ocrx_word' id='word_1_195' title='bbox 537 2159 732 2236; x_wconf 86' lang='lat' dir='ltr'>inexplebiles</span> <span class='ocrx_word' id='word_1_196' title='bbox 742 2160 893 2234; x_wconf 68' lang='lat' dir='ltr'>‘sangoinis</span> <span class='ocrx_word' id='word_1_197' title='bbox 909 2167 996 2236; x_wconf 87' lang='lat' dir='ltr'>atque</span> <span class='ocrx_word' id='word_1_198' title='bbox 1010 2158 1125 2235; x_wconf 87' lang='lat' dir='ltr'>imperii</span> 
     </span>
    </p>

    <p class='ocr_par' dir='ltr' id='par_1_10' title="bbox 76 2241 784 2319">
     <span class='ocr_line' id='line_1_25' title="bbox 76 2241 784 2319; baseline 0.003 -20"><span class='ocrx_word' id='word_1_199' title='bbox 76 2264 79 2269; x_wconf 96' lang='lat'><em>·</em></span> <span class='ocrx_word' id='word_1_200' title='bbox 138 2241 355 2319; x_wconf 85' lang='lat' dir='ltr'>divitiarumque</span> <span class='ocrx_word' id='word_1_201' title='bbox 372 2242 473 2301; x_wconf 88' lang='lat' dir='ltr'>avidos</span> <span class='ocrx_word' id='word_1_202' title='bbox 486 2260 521 2301; x_wconf 87' lang='lat' dir='ltr'>ac</span> <span class='ocrx_word' id='word_1_203' title='bbox 537 2244 649 2301; x_wconf 87' lang='lat' dir='ltr'>ieiunos</span> <span class='ocrx_word' id='word_1_204' title='bbox 664 2242 784 2301; x_wconf 88' lang='lat' dir='ltr'>habere.</span> 
     </span>
    </p>

    <p class='ocr_par' dir='ltr' id='par_1_11' title="bbox 110 2323 1126 2816">
     <span class='ocr_line' id='line_1_26' title="bbox 110 2323 1126 2403; baseline -0.005 -18"><span class='ocrx_word' id='word_1_205' title='bbox 110 2335 124 2385; x_wconf 94' lang='grc'><strong>1</strong></span> <span class='ocrx_word' id='word_1_206' title='bbox 202 2327 231 2383; x_wconf 87' lang='lat'>7.</span> <span class='ocrx_word' id='word_1_207' title='bbox 256 2324 294 2382; x_wconf 91' lang='lat' dir='ltr'>Se</span> <span class='ocrx_word' id='word_1_208' title='bbox 314 2334 424 2401; x_wconf 89' lang='lat' dir='ltr'>autem,</span> <span class='ocrx_word' id='word_1_209' title='bbox 446 2344 499 2384; x_wconf 85' lang='lat' dir='ltr'>seu</span> <span class='ocrx_word' id='word_1_210' title='bbox 514 2325 664 2384; x_wconf 89' lang='lat' dir='ltr'>nobilitate</span> <span class='ocrx_word' id='word_1_211' title='bbox 680 2325 738 2386; x_wconf 92' lang='lat' dir='ltr'>illis</span> <span class='ocrx_word' id='word_1_212' title='bbox 754 2334 947 2403; x_wconf 88' lang='lat' dir='ltr'>conparetur,</span> <span class='ocrx_word' id='word_1_213' title='bbox 972 2323 1126 2382; x_wconf 79' lang='lat' dir='ltr'>clariorem</span> 
     </span>
     <span class='ocr_line' id='line_1_27' title="bbox 138 2407 1126 2485; baseline -0.001 -20"><span class='ocrx_word' id='word_1_214' title='bbox 138 2407 186 2465; x_wconf 88' lang='lat' dir='ltr'>illa</span> <span class='ocrx_word' id='word_1_215' title='bbox 204 2407 338 2465; x_wconf 82' lang='lat' dir='ltr'>conluuie</span> <span class='ocrx_word' id='word_1_216' title='bbox 352 2425 545 2467; x_wconf 81' lang='lat' dir='ltr'>convenarum</span> <span class='ocrx_word' id='word_1_217' title='bbox 561 2426 641 2483; x_wconf 85' lang='lat' dir='ltr'>esse,</span> <span class='ocrx_word' id='word_1_218' title='bbox 657 2409 708 2485; x_wconf 90' lang='lat' dir='ltr'>qui</span> <span class='ocrx_word' id='word_1_219' title='bbox 723 2417 862 2485; x_wconf 87' lang='lat' dir='ltr'>paternos</span> <span class='ocrx_word' id='word_1_220' title='bbox 876 2409 1003 2465; x_wconf 83' lang='lat' dir='ltr'>maiores</span> <span class='ocrx_word' id='word_1_221' title='bbox 1022 2422 1092 2463; x_wconf 91' lang='lat' dir='ltr'>suos</span> <span class='ocrx_word' id='word_1_222' title='bbox 1109 2421 1126 2464; x_wconf 85' lang='lat' dir='ltr'>a</span> 
     </span>
     <span class='ocr_line' id='line_1_28' title="bbox 138 2489 1125 2567; baseline -0.002 -19"><span class='ocrx_word' id='word_1_223' title='bbox 138 2489 216 2563; x_wconf 79' lang='lat' dir='ltr'>Cyro</span> <span class='ocrx_word' id='word_1_224' title='bbox 224 2490 391 2567; x_wconf 89' lang='lat' dir='ltr'>Dareoque,</span> <span class='ocrx_word' id='word_1_225' title='bbox 403 2490 599 2550; x_wconf 88' lang='lat' dir='ltr'>conditoribus</span> <span class='ocrx_word' id='word_1_226' title='bbox 612 2492 721 2550; x_wconf 88' lang='lat' dir='ltr'>Persici</span> <span class='ocrx_word' id='word_1_227' title='bbox 732 2494 984 2567; x_wconf 80' lang='lat' dir='ltr'>regni,matemos</span> <span class='ocrx_word' id='word_1_228' title='bbox 995 2491 1125 2563; x_wconf 80' lang='lat' dir='ltr'>amagno</span> 
     </span>
     <span class='ocr_line' id='line_1_29' title="bbox 138 2570 1125 2651; baseline -0.001 -21"><span class='ocrx_word' id='word_1_229' title='bbox 138 2572 305 2632; x_wconf 86' lang='lat' dir='ltr'>Alexandro</span> <span class='ocrx_word' id='word_1_230' title='bbox 321 2591 355 2631; x_wconf 92' lang='lat' dir='ltr'>ac</span> <span class='ocrx_word' id='word_1_231' title='bbox 369 2573 506 2633; x_wconf 91' lang='lat' dir='ltr'>Nicatore</span> <span class='ocrx_word' id='word_1_232' title='bbox 523 2574 668 2647; x_wconf 88' lang='lat' dir='ltr'>Seleuco,</span> <span class='ocrx_word' id='word_1_233' title='bbox 687 2573 884 2633; x_wconf 88' lang='lat' dir='ltr'>conditoribus</span> <span class='ocrx_word' id='word_1_234' title='bbox 899 2574 1011 2651; x_wconf 88' lang='lat' dir='ltr'>imperii</span> <span class='ocrx_word' id='word_1_235' title='bbox 1027 2570 1125 2630; x_wconf 82' lang='lat' dir='ltr'>blace-</span> 
     </span>
     <span class='ocr_line' id='line_1_30' title="bbox 138 2656 1126 2734; baseline -0.002 -20"><span class='ocrx_word' id='word_1_236' title='bbox 138 2656 249 2730; x_wconf 83' lang='lat' dir='ltr'>donici,</span> <span class='ocrx_word' id='word_1_237' title='bbox 266 2657 389 2731; x_wconf 84' lang='lat' dir='ltr'>referat,</span> <span class='ocrx_word' id='word_1_238' title='bbox 411 2675 464 2715; x_wconf 90' lang='lat' dir='ltr'>seu</span> <span class='ocrx_word' id='word_1_239' title='bbox 480 2657 605 2734; x_wconf 88' lang='lat' dir='ltr'>populus</span> <span class='ocrx_word' id='word_1_240' title='bbox 621 2657 734 2716; x_wconf 90' lang='lat' dir='ltr'>illorum</span> <span class='ocrx_word' id='word_1_241' title='bbox 755 2657 921 2715; x_wconf 88' lang='lat' dir='ltr'>cculeratnr</span> <span class='ocrx_word' id='word_1_242' title='bbox 936 2672 1006 2729; x_wconf 92' lang='lat' dir='ltr'>suo,</span> <span class='ocrx_word' id='word_1_243' title='bbox 1026 2671 1126 2713; x_wconf 82' lang='lat' dir='ltr'>earum</span> 
     </span>
     <span class='ocr_line' id='line_1_31' title="bbox 138 2735 1124 2816; baseline -0.003 -19"><span class='ocrx_word' id='word_1_244' title='bbox 138 2757 170 2797; x_wconf 87' lang='lat' dir='ltr'>se</span> <span class='ocrx_word' id='word_1_245' title='bbox 185 2740 312 2816; x_wconf 77' lang='lat' dir='ltr'>gentium</span> <span class='ocrx_word' id='word_1_246' title='bbox 326 2757 409 2814; x_wconf 89' lang='lat' dir='ltr'>esse,</span> <span class='ocrx_word' id='word_1_247' title='bbox 423 2758 497 2816; x_wconf 88' lang='lat' dir='ltr'>quae</span> <span class='ocrx_word' id='word_1_248' title='bbox 512 2757 569 2798; x_wconf 92' lang='lat' dir='ltr'>non</span> <span class='ocrx_word' id='word_1_249' title='bbox 582 2741 669 2799; x_wconf 91' lang='lat' dir='ltr'>modo</span> <span class='ocrx_word' id='word_1_250' title='bbox 681 2735 810 2799; x_wconf 88' lang='lat' dir='ltr'>Romano</span> <span class='ocrx_word' id='word_1_251' title='bbox 822 2741 945 2816; x_wconf 89' lang='lat' dir='ltr'>imperio</span> <span class='ocrx_word' id='word_1_252' title='bbox 957 2740 1014 2798; x_wconf 89' lang='lat' dir='ltr'>sint</span> <span class='ocrx_word' id='word_1_253' title='bbox 1026 2755 1124 2814; x_wconf 87' lang='lat' dir='ltr'>pares,</span> 
     </span>
    </p>

    <p class='ocr_par' dir='ltr' id='par_1_12' title="bbox 109 2820 1126 3067">
     <span class='ocr_line' id='line_1_32' title="bbox 109 2820 1124 2901; baseline -0.007 -17"><span class='ocrx_word' id='word_1_254' title='bbox 109 2824 189 2886; x_wconf 78' lang='lat' dir='ltr'>asel</span> <span class='ocrx_word' id='word_1_255' title='bbox 201 2822 388 2881; x_wconf 82' lang='lat' dir='ltr'>Macedonico</span> <span class='ocrx_word' id='word_1_256' title='bbox 405 2840 521 2901; x_wconf 90' lang='lat' dir='ltr'>quoque</span> <span class='ocrx_word' id='word_1_257' title='bbox 535 2824 707 2882; x_wconf 90' lang='lat' dir='ltr'>obstiterint.</span> <span class='ocrx_word' id='word_1_258' title='bbox 734 2822 848 2883; x_wconf 89' lang='lat' dir='ltr'>Nullam</span> <span class='ocrx_word' id='word_1_259' title='bbox 861 2821 1056 2880; x_wconf 90' lang='lat' dir='ltr'>subiectarum</span> <span class='ocrx_word' id='word_1_260' title='bbox 1069 2820 1124 2878; x_wconf 90' lang='lat' dir='ltr'>sibi</span> 
     </span>
     <span class='ocr_line' id='line_1_33' title="bbox 137 2902 1126 2983; baseline -0.006 -18"><span class='ocrx_word' id='word_1_261' title='bbox 137 2908 264 2982; x_wconf 83' lang='lat' dir='ltr'>gentium</span> <span class='ocrx_word' id='word_1_262' title='bbox 287 2916 435 2983; x_wconf 88' lang='lat' dir='ltr'>expertam</span> <span class='ocrx_word' id='word_1_263' title='bbox 458 2908 613 2983; x_wconf 79' lang='lat' dir='ltr'>peregrina</span> <span class='ocrx_word' id='word_1_264' title='bbox 640 2908 776 2983; x_wconf 87' lang='lat' dir='ltr'>imperia;</span> <span class='ocrx_word' id='word_1_265' title='bbox 805 2905 891 2964; x_wconf 90' lang='lat' dir='ltr'>nullis</span> <span class='ocrx_word' id='word_1_266' title='bbox 916 2921 1048 2980; x_wconf 88' lang='lat' dir='ltr'>umquam</span> <span class='ocrx_word' id='word_1_267' title='bbox 1069 2902 1126 2960; x_wconf 85' lang='lat' dir='ltr'>nisi</span> 
     </span>
     <span class='ocr_line' id='line_1_34' title="bbox 138 2985 1125 3067; baseline -0.005 -19"><span class='ocrx_word' id='word_1_268' title='bbox 138 2988 305 3048; x_wconf 91' lang='lat' dir='ltr'>domesticis</span> <span class='ocrx_word' id='word_1_269' title='bbox 322 2990 441 3066; x_wconf 81' lang='lat' dir='ltr'>regibus</span> <span class='ocrx_word' id='word_1_270' title='bbox 461 2992 602 3067; x_wconf 85' lang='lat' dir='ltr'>paruisse,</span> <span class='ocrx_word' id='word_1_271' title='bbox 621 2988 834 3066; x_wconf 80' lang='lat' dir='ltr'>Cappadociam</span> <span class='ocrx_word' id='word_1_272' title='bbox 848 2988 938 3046; x_wconf 89' lang='lat' dir='ltr'>velint</span> <span class='ocrx_word' id='word_1_273' title='bbox 953 3005 988 3046; x_wconf 92' lang='lat' dir='ltr'>an</span> <span class='ocrx_word' id='word_1_274' title='bbox 1000 2985 1125 3061; x_wconf 87' lang='lat' dir='ltr'>Paphla·</span> 
     </span>
    </p>
   </div>
   <div class='ocr_carea' id='block_1_3' title="bbox 108 3067 1128 3483">
    <p class='ocr_par' dir='ltr' id='par_1_13' title="bbox 108 3067 1128 3483">
     <span class='ocr_line' id='line_1_35' title="bbox 137 3067 1125 3148; baseline -0.006 -17"><span class='ocrx_word' id='word_1_275' title='bbox 137 3074 251 3148; x_wconf 83' lang='lat' dir='ltr'>goniam</span> <span class='ocrx_word' id='word_1_276' title='bbox 264 3090 434 3148; x_wconf 85' lang='lat' dir='ltr'>recensere,</span> <span class='ocrx_word' id='word_1_277' title='bbox 451 3091 550 3131; x_wconf 91' lang='lat' dir='ltr'>rursus</span> <span class='ocrx_word' id='word_1_278' title='bbox 559 3067 678 3130; x_wconf 87' lang='lat' dir='ltr'>Pontum</span> <span class='ocrx_word' id='word_1_279' title='bbox 690 3090 725 3130; x_wconf 88' lang='lat' dir='ltr'>an</span> <span class='ocrx_word' id='word_1_280' title='bbox 737 3070 913 3146; x_wconf 76' lang='lat' dir='ltr'>Bithyniam,</span> <span class='ocrx_word' id='word_1_281' title='bbox 927 3072 1054 3146; x_wconf 87' lang='lat' dir='ltr'>itemque</span> <span class='ocrx_word' id='word_1_282' title='bbox 1069 3068 1125 3126; x_wconf 88' lang='lat' dir='ltr'>Ar·</span> 
     </span>
     <span class='ocr_line' id='line_1_36' title="bbox 137 3152 1125 3233; baseline -0.006 -20"><span class='ocrx_word' id='word_1_283' title='bbox 137 3158 257 3214; x_wconf 82' lang='lat' dir='ltr'>taeniam</span> <span class='ocrx_word' id='word_1_284' title='bbox 278 3157 415 3222; x_wconf 88' lang='lat' dir='ltr'>maiorem</span> <span class='ocrx_word' id='word_1_285' title='bbox 433 3159 644 3233; x_wconf 89' lang='lat' dir='ltr'>minoremque:</span> <span class='ocrx_word' id='word_1_286' title='bbox 669 3173 788 3231; x_wconf 91' lang='lat' dir='ltr'>quarum</span> <span class='ocrx_word' id='word_1_287' title='bbox 807 3154 935 3230; x_wconf 78' lang='lat' dir='ltr'>gentium</span> <span class='ocrx_word' id='word_1_288' title='bbox 953 3152 1058 3210; x_wconf 85' lang='lat' dir='ltr'>nullum</span> <span class='ocrx_word' id='word_1_289' title='bbox 1073 3168 1125 3208; x_wconf 90' lang='lat' dir='ltr'>ne·</span> 
     </span>
     <span class='ocr_line' id='line_1_37' title="bbox 138 3235 1126 3316; baseline -0.006 -20"><span class='ocrx_word' id='word_1_290' title='bbox 138 3256 194 3314; x_wconf 93' lang='lat' dir='ltr'>que</span> <span class='ocrx_word' id='word_1_291' title='bbox 210 3239 377 3298; x_wconf 87' lang='lat' dir='ltr'>Alexander</span> <span class='ocrx_word' id='word_1_292' title='bbox 392 3238 458 3312; x_wconf 90' lang='lat' dir='ltr'>ille,</span> <span class='ocrx_word' id='word_1_293' title='bbox 476 3240 524 3316; x_wconf 94' lang='lat' dir='ltr'>qui</span> <span class='ocrx_word' id='word_1_294' title='bbox 540 3247 628 3297; x_wconf 88' lang='lat' dir='ltr'>totam</span> <span class='ocrx_word' id='word_1_295' title='bbox 643 3239 758 3314; x_wconf 85' lang='lat' dir='ltr'>pacavit</span> <span class='ocrx_word' id='word_1_296' title='bbox 773 3237 888 3311; x_wconf 90' lang='lat' dir='ltr'>Asiam,</span> <span class='ocrx_word' id='word_1_297' title='bbox 905 3254 961 3294; x_wconf 86' lang='lat' dir='ltr'>nec</span> <span class='ocrx_word' id='word_1_298' title='bbox 972 3235 1126 3311; x_wconf 88' lang='lat' dir='ltr'>quisquam</span> 
     </span>
     <span class='ocr_line' id='line_1_38' title="bbox 108 3317 1126 3399; baseline -0.009 -17"><span class='ocrx_word' id='word_1_299' title='bbox 108 3330 341 3382; x_wconf 84' lang='lat' dir='ltr'>3successcrurn</span> <span class='ocrx_word' id='word_1_300' title='bbox 359 3323 420 3379; x_wconf 92' lang='lat' dir='ltr'>eius</span> <span class='ocrx_word' id='word_1_301' title='bbox 436 3331 483 3380; x_wconf 90' lang='lat' dir='ltr'>aut</span> <span class='ocrx_word' id='word_1_302' title='bbox 502 3331 685 3399; x_wconf 83' lang='lat' dir='ltr'>posterorum</span> <span class='ocrx_word' id='word_1_303' title='bbox 704 3322 858 3395; x_wconf 70' lang='lat' dir='ltr'>attigisset,</span> <span class='ocrx_word' id='word_1_304' title='bbox 888 3318 1034 3392; x_wconf 73' lang='lat' dir='ltr'>Scythiam</span> <span class='ocrx_word' id='word_1_305' title='bbox 1050 3317 1126 3375; x_wconf 90' lang='lat' dir='ltr'>duos</span> 
     </span>
     <span class='ocr_line' id='line_1_39' title="bbox 137 3403 1128 3483; baseline 0 -26"><span class='ocrx_word' id='word_1_306' title='bbox 137 3418 269 3476; x_wconf 89' lang='lat' dir='ltr'>umquam</span> <span class='ocrx_word' id='word_1_307' title='bbox 279 3411 351 3460; x_wconf 35' lang='lat' dir='ltr'>,ante</span> <span class='ocrx_word' id='word_1_308' title='bbox 367 3413 404 3461; x_wconf 89' lang='lat' dir='ltr'>se&#39;</span> <span class='ocrx_word' id='word_1_309' title='bbox 414 3422 503 3479; x_wconf 82' lang='lat' dir='ltr'>reges</span> <span class='ocrx_word' id='word_1_310' title='bbox 518 3421 573 3462; x_wconf 92' lang='lat' dir='ltr'>non</span> <span class='ocrx_word' id='word_1_311' title='bbox 585 3421 705 3483; x_wconf 90' lang='lat' dir='ltr'>pacare,</span> <span class='ocrx_word' id='word_1_312' title='bbox 721 3403 773 3462; x_wconf 90' lang='lat' dir='ltr'>sed</span> <span class='ocrx_word' id='word_1_313' title='bbox 784 3412 891 3462; x_wconf 89' lang='lat' dir='ltr'>tantum</span> <span class='ocrx_word' id='word_1_314' title='bbox 904 3404 1011 3461; x_wconf 88' lang='lat' dir='ltr'>intrare</span> <span class='ocrx_word' id='word_1_315' title='bbox 1024 3416 1128 3476; x_wconf 85' lang='lat' dir='ltr'>ausos,</span> 
     </span>
    </p>
   </div>
   <div class='ocr_carea' id='block_1_4' title="bbox 0 0 1226 3975">
    <p class='ocr_par' dir='ltr' id='par_1_14' title="bbox 0 0 1226 3975">
     <span class='ocr_line' id='line_1_40' title="bbox 0 0 1226 3975; baseline 0 0"><span class='ocrx_word' id='word_1_316' title='bbox 0 0 1226 3975; x_wconf 95' lang='lat' dir='ltr'> </span> 
     </span>
    </p>
   </div>
  </div>
 </body>
</html>
