2442 3975
83 191 246 288 litturae
427 238 725 287 manusteneas.
1024 233 1082 292 117

84 394 227 456 avonemo
242 410 307 469 sno,
323 390 469 454 sacerdoti
485 389 630 463 Herculis,
647 394 694 466 qui
711 393 805 452 bonos
818 396 963 455 secundus
978 414 994 455 a
1009 415 1082 474 rege

86 488 164 555 erat,
185 477 275 554 nubit
320 474 393 534 Huic
408 491 540 550 magnae,
556 473 609 532 sed
624 472 820 535 dissimulatae
836 493 909 553 opes
926 489 1017 553 erant,
1035 492 1112 544 auo

85 580 206 639 rumque
227 568 304 618 metu
326 559 406 633 regis
429 574 487 615 non
501 557 600 631 tectis,
622 555 674 614 sed
688 566 785 617 terrae
803 560 980 619 crediderat:
1001 571 1111 637 quaml

86 664 148 715 rem
170 644 226 702 etsi
246 637 675 716 homines-ignorabant‚'lama
690 649 786 702 tamen
801 642 981 719 loquebatur.
1021 644 1113 714 Quass

86 730 223 788 incensus
256 722 425 799 Pygmalion
448 722 554 781 obiitus
576 721 646 779 iuris
666 720 781 782 humani
808 724 977 784 avunculum
1004 744 1084 783 suum

88 808 267 883 eundemque
287 823 427 882 generum
449 807 512 863 sine
535 812 675 880 respectu
698 807 813 882 pietatis
833 807 950 866 occidit.
989 806 1114 870 Elissait

51 956 54 961 ,
88 892 134 951 diu
146 891 263 950 fratrem
273 897 394 966 propter
409 887 507 946 scelus
522 895 656 946 aversata
671 888 706 946 ad
722 898 897 967 postremum
909 890 1085 949 dissimulato

87 975 156 1034 odio
186 974 375 1048 mitigatoque
404 971 530 1030 interim.
547 968 626 1028 vultu
653 969 749 1044 lugam
773 974 862 1030 tacito
892 971 1085 1031 molitur'adss

87 1056 211 1133 sumptis
235 1053 408 1131 quibusdam
428 1051 607 1131 principibus
630 1054 660 1109 in
684 1054 872 1128 societatem,
901 1054 1004 1130 quibus
1033 1072 1085 1132 par

89 1138 185 1197 orbum
204 1139 233 1195 in
256 1154 358 1212 regem
380 1153 448 1195 esse
466 1134 647 1212 eandemque
667 1134 795 1210 fugiendi
811 1137 994 1214 cupiditatem
1007 1137 1085 1196 -arbi-

88 1219 226 1280 trabatur.
263 1218 343 1277 Tuuc
369 1218 488 1277 fratrem
509 1218 579 1277 doio
605 1217 786 1293 adgreditur:
813 1219 895 1294 lingit
917 1238 950 1278 se
972 1219 1007 1278 ad
1022 1232 1129 1281 eumin

87 1304 212 1377 migrare
228 1302 318 1375 velie,
336 1318 373 1360 ue
386 1301 510 1377 amplius
525 1301 552 1358 ei
566 1302 660 1359 mariti
676 1299 776 1359 donnus
792 1302 914 1378 cupidae
931 1302 1085 1361 oblivionis

88 1402 207 1462 gravem
226 1385 321 1446 luctus
342 1384 494 1459 imaginem
508 1391 639 1441 ⁴renovet
660 1400 735 1441 nere
759 1384 831 1443 ultra
846 1402 941 1460 amara
959 1386 1085 1443 admoui·

60 1532 62 1537 ¹
87 1471 129 1527 tio
144 1468 315 1536 oculis.eius
329 1474 473 1525 occurrat.
496 1464 561 1523 Non
572 1466 676 1523 invitus
692 1464 859 1541 Pygmabon
874 1467 963 1525 verba
979 1469 1127 1530 sororisll

89 1550 195 1610 audiuit
209 1550 374 1607 existimans
390 1566 453 1607 cum
471 1565 508 1608 ea
522 1557 552 1606 et
569 1563 667 1605 aurum
682 1546 819 1607 Acerbae
834 1548 870 1608 ad
882 1565 915 1606 se
927 1558 1085 1626 ventorum.

90 1632 149 1691 Sed
167 1630 262 1692 Elissa
273 1633 430 1690 ministros
445 1630 625 1705 migrationis
648 1648 665 1687 a
681 1647 753 1705 rege
769 1631 874 1688 missos
889 1630 1009 1689 navibus
1026 1649 1088 1690 cunr
1095 1641 1129 1694 12

91 1712 223 1773 omnibus
245 1711 348 1790 opibus
370 1716 432 1773 suis
449 1714 549 1790 prima
571 1729 697 1788 vespera
720 1713 830 1788 inponit
846 1722 1045 1791 protectaque
1059 1715 1088 1771 in

91 1796 179 1856 altum
201 1796 341 1872 conpellit
371 1814 424 1856 eos
446 1812 536 1855 onera
558 1795 684 1854 harenae
707 1812 759 1872 pro
783 1797 904 1872 pecunia
928 1796 1086 1856 involueris

90 1878 218 1938 involuta
233 1879 261 1938 in
277 1896 356 1937 mare
371 1880 498 1939 deicere.
530 1877 610 1937 Tunc
625 1877 736 1936 dedens
752 1880 815 1955 ipsa
827 1878 1001 1957 lugubrique
1013 1889 1128 1941 voeel3

91 1960 236 2022 Acerbum
252 1964 326 2021 ciet:
342 1972 421 2037 oratq
434 1970 463 2021 nt
477 1961 572 2021 libens
588 1977 662 2038 opes
679 1977 747 2019 suas
762 1962 903 2038 recipiat,
926 1979 998 2039 quas
1019 1961 1085 2020 reii-

44 2085 47 2089 -
92 2053 210 2122 querat,
236 2044 399 2120 habeatque
420 2045 552 2122 inferias,
580 2062 652 2122 quas
681 2044 821 2103 babuerat
841 2062 956 2103 causam
970 2046 1085 2102 mortis.

92 2127 172 2187 Tunc
196 2130 278 2204 ipsos
296 2128 650 2204 ministrosadgreditur:
680 2126 735 2186 sibi
756 2127 871 2204 quidem
900 2129 939 2186 ait
964 2135 1089 2204 optatam
1098 2137 1131 2189 14

92 2210 160 2273 oiim
182 2219 314 2284 mortem,
330 2209 383 2269 sed
398 2209 456 2269 iliis
473 2210 597 2269 acerbos
614 2211 758 2268 cruciatus
773 2218 801 2268 et
815 2210 876 2269 dira
891 2211 1032 2288 supplicia
1047 2211 1087 2268 in·

91 2294 212 2366 minere,
229 2295 277 2370 qui
292 2291 428 2352 Acerbae
443 2308 527 2368 opes,
541 2309 659 2369 quarum
675 2310 729 2370 spe
745 2293 927 2370 parricidium
937 2310 991 2351 rex
1006 2293 1086 2351 lece·

92 2378 145 2450 rit,
175 2378 314 2435 avaritiae
349 2377 462 2448 tyranni
492 2373 696 2434 subtraxerint.
748 2374 812 2434 iloc
837 2377 927 2435 'metu
958 2375 1088 2434 omnibus
1098 2386 1130 2439 15

91 2461 199 2518 iniecto
220 2460 342 2518 comites
363 2459 451 2534 fugae
476 2460 603 2533 accepit.
639 2456 795 2533 iunguntur
813 2466 842 2517 et
871 2452 1036 2517 senatorum
1060 2460 1089 2516 in

92 2538 155 2601 eam
177 2550 294 2603 noctem
315 2551 495 2619 praeparata
510 2541 639 2616 agmina,
660 2548 746 2617 atque
767 2543 805 2600 ita
826 2542 917 2600 sacris
932 2540 1088 2616 lilerculis,

93 2627 173 2684 cuius
188 2625 327 2685 sacerdos
341 2624 472 2683 Acerbas
484 2623 590 2698 iuerat,
602 2624 736 2698 repetitis
744 2622 832 2682 exilio
842 2622 929 2682 sedes
938 2631 1088 2701 quaerant.

155 2709 185 2765 5.
218 2707 327 2766 Primus
347 2707 404 2766 iliis
421 2706 560 2785 adpulsus
578 2714 675 2765 terrae
697 2702 811 2783 Cyprus
833 2706 1019 2779 insuia-init,
1043 2702 1118 2776 ubil

92 2790 233 2849 sacerdos
253 2787 331 2847 lovis
353 2806 416 2848 cunr
438 2791 562 2865 coniuge
581 2798 611 2846 et
628 2786 729 2847 liberis
745 2788 867 2848 deorum
880 2790 987 2846 monitu
1002 2788 1089 2845 corui-

91 2882 150 2933 tem
165 2889 198 2930 se
212 2870 328 2930 Elissae
345 2873 513 2948 sociumque
529 2871 678 2948 praebuit,
702 2880 804 2947 pactus
823 2870 878 2929 sibi
903 2870 1090 2946 posterisque
1153 2909 1158 2918 .

93 2963 265 3034 perpetuum
296 2954 436 3013 bonorem
468 2954 634 3014 sacerdotii.
680 2951 821 3012 Condicio
852 2969 906 3029 pro
936 2950 1119 3015 maniiestoa

92 3041 187 3098 emine
204 3045 337 3114 accepta.
353 3035 418 3096 dios
432 3046 500 3096 *erat
514 3036 630 3114 Cypriis
645 3037 773 3112 virgines
791 3045 856 3095 ante
871 3034 984 3110 nuptias
1002 3041 1122 3099 statu-4

91 3123 130 3181 tis
142 3120 246 3180 diebus
261 3120 388 3179 dotalem
401 3121 551 3197 pecuniam
564 3120 747 3197 quaesituras
765 3119 793 3176 in
806 3125 956 3195 quaestum
970 3116 1007 3177 ad
1023 3114 1090 3173 litus

92 3206 180 3263 maris
193 3204 324 3276 mittere,
348 3220 401 3280 pro
415 3203 528 3280 reliqua
542 3203 677 3278 pudicitia
691 3202 843 3260 libamenta
859 3199 972 3258 Veneri
983 3198 1091 3257 solutu·

92 3304 158 3361 ras.
173 3285 278 3345 Harum
290 3286 376 3360 igitur
389 3305 427 3345 ex
437 3302 559 3345 nurnero
570 3283 676 3343 LXXX
686 3285 837 3344 admodum
849 3283 977 3358 virgines
991 3289 1090 3358 raptas
1102 3293 1119 3344 t>

94 3367 216 3427 navibus
233 3369 332 3444 inponi
344 3367 440 3427 Elissa
454 3367 546 3442 iubat,
563 3376 594 3425 ut
609 3377 639 3426 et
653 3369 786 3427 iuventas
803 3366 979 3426 matrimonia
987 3372 1016 3422 et
1023 3361 1092 3422 urbs

93 3450 227 3511 subolem
253 3448 364 3509 babere
398 3461 510 3528 posset.
555 3449 630 3509 lium
656 3449 731 3511 baec
756 3457 893 3527 aguntur,
919 3446 1121 3525 Pygmalionb
