2442 3975
126 210 185 271 110
229 249 235 268 i
502 216 752 272 uaooiaouaur
994 214 1059 268 xvl
1072 220 1129 272 nu

82 386 115 441 17
127 373 251 435 nationis
272 388 337 432 cum
360 371 534 448 coniugibus
554 381 584 432 et
605 371 707 436 liberis
729 319 823 436 tradit
862 372 953 450 lgutm
966 373 1131 438 Clearchus

125 456 175 517 tx
197 465 350 515 senatores
378 456 598 533 conprehensos
626 456 706 531 (nam
728 456 820 515 ceteri
846 457 875 516 in
896 458 994 533 fugans
1021 458 1128 539 dilapsi

82 554 118 608 18
129 541 225 615 eraut)
245 541 273 597 in
288 538 401 598 vincula
419 540 577 616 conpingit.
611 538 726 598 laetari
742 538 838 615 plebs,
856 541 933 619 quod
950 559 966 600 a
981 542 1055 602 duce
1073 561 1126 622 po·

30 619 34 624 ’
123 626 262 684 tissimum
275 631 440 682 senatorum
453 632 570 682 senatus
581 622 741 698 deleretur,
756 640 901 701 versaque
913 626 978 683 uice
991 627 1126 687 auxilium

83 719 117 772 19
127 725 226 767 eorum
244 707 272 764 in
287 705 405 765 exitium
420 722 592 765 conversum
605 714 683 764 esse'.
714 705 905 778 Quibusdam
921 717 1043 767 mortem
1059 728 1125 789 pas-

82 801 118 854 20
129 789 330 851 simoninibus
351 790 487 864 minatur,
503 790 625 848 'cariora
649 805 749 847 eorum
765 790 859 866 pretia
875 790 959 850 fecit:
983 794 1127 869 siquidem

114 874 284 934 Clearchus
304 889 406 949 magna
428 874 567 950 pecunia,
602 872 685 950 quasi
708 871 791 930 minis
811 874 913 951 populi
934 876 1050 934 occulte
1073 894 1126 936 eos

125 958 332 1030 subtracturus,
346 965 469 1033 accepta
481 956 624 1034 spoliatos
638 955 761 1015 fortunis
773 957 831 1015 rita
846 974 963 1038 quoque
978 958 1125 1036 spoliauit.

99 1054 113 1103 1
189 1043 218 1100 5.
239 1038 364 1115 Cognito
386 1039 491 1099 deinde
516 1038 593 1117 quod
616 1038 725 1107 bellum
747 1038 801 1118 sibi
818 1039 853 1099 ab
875 1042 927 1114 iis,
954 1044 1002 1118 qui
1026 1043 1126 1119 profu·

126 1132 245 1200 gerant,
262 1122 462 1182 misericordia
484 1124 513 1180 in
530 1121 666 1181 auxilium
680 1121 844 1182 sollicitatis
862 1123 1025 1184 ciuitatibus
1041 1142 1125 1203 para·

97 1216 220 1282 aretur,
237 1222 342 1265 servos
355 1222 455 1265 eorum
470 1206 638 1266 manumittit
652 1214 700 1280 et,
716 1222 753 1264 ns
771 1206 839 1283 quid
853 1206 921 1266 mali
936 1207 1059 1270 adflictis
1073 1208 1125 1268 ho·

126 1290 298 1349 uastissimis
314 1289 444 1348 domibus
460 1289 596 1364 deesset,
621 1299 732 1348 uxores
747 1306 846 1349 eorum
866 1289 999 1368 filiasque
1013 1291 1125 1351 nubere

127 1374 220 1432 servis
242 1374 301 1430 suis
325 1372 478 1449 proposita
500 1371 702 1430 recusantibus
724 1381 818 1432 morte
839 1374 997 1451 conpellit,
1022 1384 1053 1434 ut
1073 1391 1126 1433 eos

98 1457 181 1520 3sibi
200 1455 319 1514 lidiores
341 1464 370 1514 et
389 1453 509 1515 dominis
525 1455 692 1516 infestiores
717 1456 865 1516 redderet.
909 1456 969 1517 Sed
989 1457 1126 1519 matronis

126 1547 188 1600 tam'
203 1538 342 1615 lugubres
362 1539 479 1617 nuptiae
500 1540 654 1616 graviores
676 1541 835 1617 repentinis
857 1540 1006 1600 funeribus
1029 1541 1124 1599 fuere.

97 1622 225 1700 altaque
243 1622 348 1682 multae
364 1640 397 1681 se
412 1630 477 1682 aute
493 1623 624 1700 nuptias,
640 1623 747 1683 multae
762 1623 791 1681 in
810 1624 882 1702 ipsis
897 1624 1003 1703 nuptiis
1017 1624 1125 1682 occisis

127 1708 207 1784 prius
221 1707 304 1764 novis
321 1706 429 1765 maritis
444 1691 618 1765 interfi‘oiunt
639 1716 669 1765 et
691 1724 724 1766 se
739 1715 796 1766 tam
822 1707 944 1766 funestis
959 1706 1126 1765 calamitati·

100 1789 184 1852 obus
201 1790 306 1848 virtute
321 1789 438 1866 ingenui
452 1790 570 1867 pudoris
587 1790 719 1867 eripiunt.
764 1789 911 1849 Proelium
926 1788 1032 1849 deinde
1047 1806 1125 1848 com·

127 1875 260 1948 mittitur,
289 1890 345 1951 quo
362 1874 454 1932 victor
470 1883 607 1948 tyrannus
624 1873 755 1949 captivos
772 1881 925 1934 senatores
941 1873 970 1930 in
992 1870 1127 1945 triumphi

63 1991 68 2001 ·
105 1954 307 2031 amodumper
319 1969 370 2011 ora
382 1953 485 2012 civium
508 1953 603 2017 trahit.
624 1954 773 2016 Reversus
786 1958 816 2017 in
829 1957 928 2016 urbem
944 1956 1017 2015 alios
1036 1953 1128 2015 vincit

133 2046 309 2116 torquetque
328 2035 407 2111 talis,
438 2036 513 2096 alios
526 2035 650 2094 occidit:
665 2035 762 2095 nullus
778 2035 860 2095 locus
876 2035 956 2094 urbis
970 2035 1126 2096 a'cradoli·

101 2130 188 2186 flate
204 2120 316 2195 tyranni
331 2128 424 2180 vacat.
469 2119 594 2179 Accedit
609 2118 750 2179 saevitiae
772 2118 942 2194 insolentia,
961 2119 1127 2179 crudelitati

100 2205 309 2281 8adrogautia.
338 2202 483 2262 Interdum
498 2220 536 2261 ex
558 2219 700 2262 successu
720 2203 873 2263 continuas
887 2202 1038 2262 felicitatis
1053 2202 1127 2263 obli·

100 2290 248 2353 aviscitur
264 2305 297 2345 se
313 2286 473 2361 hominem,
495 2285 635 2346 interdum
652 2284 730 2345 lovis
744 2286 833 2345 filium
848 2286 927 2349 dicit.
971 2285 1058 2345 Eunti
1074 2303 1128 2363 per

129 2370 276 2449 publicum
296 2387 383 2430 aurea
404 2370 499 2448 aquila
518 2369 598 2429 velut
620 2379 817 2446 argumentum
842 2370 961 2447 generis
975 2369 1127 2446 praefere-

88 2453 230 2520 10batur;
250 2462 333 2512 veste
350 2470 494 2531 purpurea
509 2462 538 2512 et
555 2453 703 2515 cothurnis
721 2464 823 2528 regum
840 2453 1016 2530 tragicorum
1034 2461 1065 2511 et
1076 2470 1128 2512 au·

87 2550 119 2602 11
132 2554 182 2596 rea
198 2552 306 2596 corona
322 2537 468 2605 utebatur;
484 2536 570 2595 filium
586 2554 702 2614 quoque
717 2554 798 2594 suum
814 2533 967 2595 Ceraunon
982 2544 1081 2620 uocat,
1096 2540 1129 2594 ut

121 2614 202 2680 'deos
219 2637 277 2678 non
291 2621 441 2680 mendacio
454 2628 580 2695 tantum,
597 2638 697 2679 verum
720 2619 806 2679 etiam
826 2618 987 2678 nominibus
1006 2619 1126 2678 inludat.

87 2702 212 2768 leaec
227 2704 307 2763 illum
325 2704 425 2763 facere
446 2703 502 2761 duo
519 2703 689 2762 nobilissimi
707 2703 844 2786 iuvenes,
864 2700 958 2761 Chion
980 2711 1009 2761 et
1024 2701 1127 2760 Leoni·

130 2787 198 2861 des,
221 2787 401 2863 indignantes
417 2787 536 2862 patriam
560 2786 709 2846 liberatori
723 2787 752 2844 in
767 2802 869 2859 necem
884 2785 997 2860 tyranni
1011 2785 1127 2862 conspi-

88 2861 204 2935 13rant.
248 2869 338 2929 Erant
358 2871 387 2928 hi
408 2869 542 2948 discipuli
558 2870 686 2929 Platonis
709 2868 892 2948 philosophi,
917 2869 966 2945 qui
981 2869 1127 2941 virtutem,

129 2952 165 3012 ad
182 2971 266 3030 quam
282 2954 389 3013 cotidie
408 2954 551 3031 perfectis
571 2953 737 3030 praeceptis
758 2952 888 3028 magistri
910 2950 1127 3023 erudiebantur,

130 3038 240 3114 patriae
254 3036 394 3107 exhibere
410 3038 560 3115 cupientes
577 3034 599 3095 t
618 3044 759 3112 cognatos
775 3035 865 3095 veluti
881 3034 1004 3093 clientes
1020 3034 1048 3090 in
1060 3031 1127 3089 insi·

88 3129 122 3182 14
133 3119 187 3179 diis
206 3120 312 3180 locant.
357 3119 417 3199 lpsi
438 3137 521 3179 more
541 3121 712 3197 iurgantium
737 3118 774 3179 ad
799 3128 949 3193 tmanuum
980 3116 1071 3176 veluti
1093 3113 1129 3173 ad

89 3215 233 3279 turegum
260 3206 288 3263 in
304 3221 400 3264 arcem
416 3205 607 3264 contendunt:
631 3204 679 3282 qui
699 3203 761 3263 iure
781 3200 982 3262 familiaritatis
1000 3197 1128 3272 admissi,

131 3287 196 3346 dum
219 3287 340 3346 alterum
361 3289 489 3366 priorem
504 3288 648 3347 dicentem
672 3287 797 3346 intentus
820 3285 898 3345 audit
912 3294 1068 3358 tyramnus,
1092 3279 1130 3337 ab
1212 3280 1220 3293 “

88 3377 123 3431 16
135 3369 226 3428 altero
242 3379 411 3448 occupatur.
444 3371 503 3431 Sed
519 3380 548 3429 et
564 3370 723 3447 ipsisociis
739 3369 847 3429 tardius
862 3367 997 3428 auxilinm
1010 3364 1129 3424 ferenti·

89 3457 121 3512 1¹1
134 3449 188 3508 bus
207 3467 223 3509 a
239 3451 410 3512 satellitibus
432 3452 598 3512 obruuntur.
644 3451 707 3524 Qua
727 3469 760 3511 re
776 3450 962 3526 factumest,
989 3458 1021 3507 ut
1033 3457 1130 3523 tyran
