2442 3975
125 180 170 251 td
504 198 759 247 nnoanaorannr
1001 193 1131 250 VIv-o

99 390 103 397 ,
126 343 245 415 incensa
260 355 353 413 teneri
366 368 424 411 non
442 352 545 429 potuit,
562 352 630 429 quin
646 370 684 411 ex
695 353 852 412 continenti
863 353 927 412 acie
940 353 1127 415 decerneret.

83 435 195 503 110um
211 438 332 496 victoria
344 434 551 507 ,Thebanorum
566 444 659 508 esset,
676 433 885 513 Epaminonda,
899 435 964 495 dum
976 455 1033 497 non
1045 439 1128 499 ducis
1166 490 1177 515 ,

126 530 244 596 tantum,
266 537 368 578 verum
386 527 415 577 et
434 517 585 577 fortissimi
601 518 699 576 militis
719 518 817 579 officio
835 518 972 594 iungitur,
998 523 1129 597 graviter

83 604 299 667 ltvulneratur.
326 600 392 673 Quo
405 601 501 660 audito
517 600 561 658 his
571 618 614 665 ex
625 600 729 661 dolo're
744 611 837 661 metus
850 610 879 660 et
890 601 949 661 illis
965 621 1003 662 ex
1018 605 1127 679 gaudio

125 697 228 765 stupor
243 686 373 744 inicitur:
391 692 476 761 atque
492 686 530 741 ita
545 683 627 742 velut
644 694 683 742 ex
696 684 805 762 placito
823 701 967 771 consensu
980 704 996 747 a
1009 689 1126 764 proelio

125 769 292 859 disceditur.

93 863 109 914 1
188 850 217 912 8.
241 850 311 910 Post
326 867 437 928 paucos
455 848 561 909 deinde
583 846 885 927 dies†Epaminonda
918 852 1045 927 decedit,
1062 871 1125 913 cum

92 945 111 996 2
126 953 183 1014 quo
197 935 275 993 vires
288 950 404 1012 quoque
419 931 613 1010 reipublicae
629 934 807 993 ceciderunt.
839 933 912 995 Nam
929 936 1012 995 sicuti
1024 936 1085 996 telo
1100 939 1125 996 si

125 1020 244 1097 primam
263 1019 355 1079 aciem
369 1015 581 1094 praefregeris,
597 1015 713 1092 reliquo
725 1017 805 1076 iemo
820 1019 876 1076 vim
891 1019 1015 1078 nocendi
1030 1027 1123 1078 sustu·
1191 1064 1198 1080 .

124 1102 211 1161 letis:
229 1102 272 1160 sic
287 1101 339 1160 illo
355 1100 435 1158 velut
456 1115 595 1157 mucrone
617 1099 668 1157 teli
704 1099 801 1159 ablato
826 1100 899 1160 duce
921 1101 1125 1162 Thebanorum

125 1186 169 1243 rei
184 1202 301 1282 quoque
318 1182 454 1260 publicae
470 1183 548 1240 vires
563 1179 718 1242 hebetatae
733 1192 814 1258 sunt,
836 1193 868 1242 ut
889 1202 956 1244 non
965 1194 1022 1244 tam
1044 1185 1124 1244 illum

93 1269 256 1332 semisissc
288 1283 371 1344 quam
393 1282 456 1323 cum
477 1264 528 1324 illo
549 1265 684 1324 interisse
708 1283 808 1325 omnes
836 1268 1012 1328 viderentur
1051 1267 1123 1328 Nam

124 1368 220 1427 neque
239 1348 315 1408 hunc
330 1357 395 1407 ante
411 1347 514 1407 ducem
534 1347 623 1407 ullum
645 1349 835 1409 memorabile
857 1350 965 1411 bellurn
987 1369 1122 1428 gessere,
1209 1411 1213 1417 ,

124 1450 181 1492 uec
196 1441 299 1511 postea
313 1428 475 1505 virtutibus,
492 1431 544 1490 sed
561 1431 721 1492 cladibus
713 1435 842 1510 insignes
864 1434 961 1495 luere:
982 1444 1013 1494 ut
1032 1435 1121 1493 mani-

106 1515 231 1575 ¹festum
252 1517 290 1575 sit
311 1516 422 1593 patriae
447 1513 622 1590 gloriam’et
645 1524 738 1577 natam
765 1520 794 1575 et
814 1519 968 1577 extinctam
994 1535 1056 1576 cum
1084 1533 1121 1575 eo

93 1597 106 1672 ξ
129 1599 230 1660 finisse.
256 1597 321 1657 Fuit
336 1606 432 1658 antem
446 1599 597 1674 incertum,
614 1600 658 1658 vir
671 1599 775 1659 melior
792 1617 827 1659 an
845 1600 903 1660 dux
925 1608 1013 1660 essct.
1050 1598 1122 1659 Nam

93 1693 110 1747 6
126 1692 155 1741 et
170 1682 319 1760 imperium
334 1680 463 1764 nonsibi
478 1698 606 1758 semper,
623 1683 675 1742 scd
688 1684 799 1761 patriae
816 1686 975 1761 qnaesivit,
993 1693 1021 1744 et
1033 1702 1121 1762 pecu·

93 1766 190 1830 inice
205 1765 279 1824 adeo
301 1782 406 1843 parcus
424 1764 491 1840 icit,
513 1773 549 1836 ut,
566 1773 697 1843 sumptus
718 1767 813 1825 lunari
833 1767 968 1827 deluerit.
1004 1766 1121 1826 Gloriae

125 1866 243 1926 quoque
257 1865 314 1908 non
329 1848 462 1926 cupidior
477 1865 561 1926 quam
585 1851 743 1925 pecuniae:
767 1850 877 1928 qnippe
900 1851 1045 1910 recusanti
1062 1866 1120 1909 cm-

91 1932 173 1998 ssnia
194 1933 314 2011 imperia
336 1932 449 2009 ingesta
466 1940 547 2007 sunt,
572 1930 760 2011 honoresque
783 1935 820 1992 ita
841 1935 962 2009 gessit,
985 1941 1015 1992 ut
1037 1949 1120 1992 orna·

92 2028 109 2081 9
123 2025 181 2076 urm
196 2032 254 2075 non
270 2017 417 2094 accipere,
436 2014 488 2074 sed
502 2016 574 2076 dare
589 2016 645 2094 ipsi
660 2017 790 2093 dignitati
807 2017 963 2076 videretur.
998 2015 1057 2076 lam
1076 2016 1120 2075 lit·

123 2110 248 2160 terarum
264 2099 401 2174 studium,
422 2100 478 2158 iam
493 2098 697 2177 philosophias
719 2100 850 2159 doctrina
871 2108 964 2174 tanta,
985 2108 1015 2159 nt
1037 2099 1120 2159 mira·

123 2183 183 2243 bile
198 2183 358 2258 videretur,
374 2182 450 2242 unde
464 2191 522 2242 tam
539 2183 659 2259 insignis
677 2183 793 2243 militiae
810 2184 931 2244 scientia
952 2183 1058 2243 homini
1079 2185 1120 2241 in·

84 2275 170 2329 loten
184 2266 297 2325 litteras
311 2275 389 2326 nato.
424 2264 528 2343 Neque
543 2266 652 2326 abhoc
667 2268 744 2326 vitae
760 2270 913 2345 proposito
929 2268 1029 2326 mortis
1047 2267 1120 2325 ratio

84 2361 116 2412 tl
125 2350 270 2409 dissensit.
302 2347 375 2409 Nam
389 2358 420 2408 ut
434 2349 543 2409 relatus
559 2351 587 2408 in
605 2359 700 2409 castra
715 2351 890 2409 semianimis
911 2367 1016 2408 vocem
1036 2350 1119 2426 spiri·
1160 2398 1163 2403 .

125 2442 242 2509 tumque
256 2432 393 2509 collegit,
414 2431 444 2492 id
459 2450 573 2492 nnuma
596 2432 845 2492 circumstantibus
866 2432 1033 2511 requisivit:
1054 2450 1120 2510 num

83 2525 118 2578 12
126 2514 240 2575 cadenti
257 2515 312 2574 sibi
330 2524 441 2575 scutum
457 2517 613 2577 ademisset
628 2513 740 2576 hostis‘l
774 2514 858 2587 Quod
871 2523 901 2573 ut
913 2524 1058 2575 servatum
1073 2532 1120 2575 au·

72 2649 75 2654 ,
126 2598 197 2658 divit
213 2598 396 2677 adlatumque
422 2599 503 2659 velut
522 2599 653 2659 laborum
673 2598 846 2676 gloriaeque
867 2599 978 2657 socium
1006 2598 1120 2659 oscula·

82 2689 170 2747 latus
182 2690 238 2757 est,
253 2683 356 2741 iterum
369 2683 523 2760 quaesivit,
534 2684 589 2741 utri
602 2682 750 2742 vicissent.
772 2679 810 2740 Ut
828 2681 935 2742 audivit
953 2681 1120 2755 Thebanos,

124 2765 201 2825 bene
217 2764 327 2825 habere
354 2782 387 2824 se
409 2783 470 2823 rem
502 2766 573 2824 dixit
601 2774 688 2842 atque
716 2766 754 2824 ita
789 2765 870 2826 velut
895 2763 1137 2842 gratulabundus-

124 2850 234 2926 patriae
253 2848 422 2928 exspiravit.

82 2944 123 2997 lt
186 2932 216 2992 9.
239 2931 329 2991 lluius
347 2941 440 2991 morte
461 2933 547 2991 etiam
564 2931 784 2991 Atheniensium
797 2932 888 2991 virtn‘s
902 2931 1064 2990 intercidit.
1082 2931 1119 2987 si·

125 3009 240 3094 quidem
256 3017 372 3092 amisso,
389 3033 434 3074 cur
428 3013 586 3073 aemulari
597 3024 826 3091 consueverant,
850 3015 879 3073 in
893 3013 1044 3089 segnitiam
1060 3021 1119 3071 tor·

76 3105 109 3158 3
125 3114 286 3197 poremque
304 3099 426 3159 resoluti
440 3116 498 3157 non
511 3106 542 3156 ut
557 3096 597 3157 oli
588 3116 625 3155 m
641 3099 669 3156 in
687 3098 811 3157 classem
832 3106 861 3156 et
882 3097 1047 3169 exercitus,
1067 3093 1120 3154 sed

125 3183 231 3242 indies
247 3182 340 3242 festos
356 3189 583 3259 apparatumque
600 3181 730 3241 ludorum
752 3181 863 3241 reditus
879 3179 1013 3258 publicos
1030 3171 1166 3236 ellim·

91 3263 193 3327 ddunt
209 3274 239 3324 et
261 3283 324 3324 cum
349 3263 497 3349 actqribus
519 3263 708 3324 nobilissimis
727 3265 882 3342 postisque
906 3262 1018 3322 theatra
1041 3259 1120 3319 cele·
1203 3285 1208 3293 ·

58 3341 62 3348 ’
126 3347 210 3405 brant
216 3331 421 3440 ,frequentius
437 3357 555 3406 scenam
572 3364 656 3425 quam
672 3356 782 3407 castra
789 3347 918 3405 visentes
931 3345 1120 3404 versificato-

94 3438 233 3504 5resque
249 3430 386 3489 meliores
397 3447 487 3506 quam
503 3431 594 3489 duces
616 3430 776 3490 laudantes
814 3427 895 3488 Tunc
915 3427 1045 3544 vectigal
1069 3442 1120 3504 pn·
