2442 3975
96 198 227 253 xxxnt
442 207 534 255 nrsr.
550 208 645 253 rurs.
661 207 752 254 serr.
1028 195 1087 256 173

161 361 276 421 Interim
292 364 367 421 inter
377 361 513 420 'Prusiam
526 378 643 438 regem,
660 360 694 419 ad
713 378 797 438 quem
813 354 937 420 Annibal
956 369 1023 438 pcst
1037 371 1116 438 pat

83 452 161 504 ‘cem
183 446 329 505 Antiocho
354 462 370 502 a
391 443 528 502 Romanis
552 443 646 503 datam
667 444 855 522 profugerat,
879 454 909 502 et
929 442 1088 503 Eumenem

96 529 205 588 bellum
221 538 314 588 ortum
328 537 385 603 est,
402 528 479 604 quod
495 526 610 586 Prusias
625 526 777 586 Annibalis
799 527 902 586 fiducia
919 536 1004 604 rupto
1024 528 1086 587 loe-

96 612 168 671 dere
188 613 268 688 prior
285 612 387 671 intulit.
417 610 711 687 Namque‘Annibal,
736 628 799 669 cum
817 610 853 668 ab
868 609 1013 669 Antiocho
1030 610 1118 676 llo-3

96 698 171 754 mani
187 697 261 753 inter
278 704 393 754 ceteras
409 693 598 752 condiciones
613 695 694 772 pacis
710 693 886 754 deditionem
903 694 966 752 eius
981 710 1087 770 posce·

96 788 178 853 rent,
194 778 355 837 admonitus
371 795 473 853 aroge
486 778 514 834 in
525 776 622 853 lugam
633 796 737 837 versus
752 775 867 836 Cretam
880 776 1021 835 delertur.
1043 776 1086 836 lbi
1098 787 1116 839 4

98 880 162 920 cum
191 861 237 920 diu
264 862 389 939 quietam
414 862 502 919 vitam
525 864 637 936 egisset
657 861 888 937 invidiosumque
910 878 943 918 se
967 869 1090 938 propter

96 946 198 1004 nimias
222 962 296 1022 opes
324 944 458 1016 videret,
490 944 643 1021 amphoras
665 944 784 1022 plumbo
809 944 940 1021 repletas
964 946 991 1002 in
1017 954 1087 1003 tem·

98 1029 148 1105 plo
164 1027 290 1103 Dianae,
314 1030 396 1106 quasi
418 1027 551 1086 lortunae
575 1046 646 1087 suae
668 1028 830 1106 praesidia,
855 1027 976 1104 deponit
996 1037 1114 1105 aequet

95 1112 251 1191 ideonihil
275 1111 312 1171 de
335 1112 387 1170 illo
413 1111 539 1171 sollicita
561 1112 698 1189 civitate,
726 1113 860 1188 quoniam
886 1111 966 1170 velut
985 1112 1089 1189 pignus

98 1213 172 1271 opes
194 1197 256 1253 eius
277 1195 421 1271 tenebat,
436 1194 472 1254 ad
492 1193 621 1255 Prusiam
637 1195 799 1271 contendit,
819 1211 889 1253 auro
907 1212 960 1253 suo
975 1195 1088 1266 statuis,

98 1296 170 1355 quas
186 1296 286 1337 secum
299 1279 455 1356 portabat,
471 1278 584 1353 inluso,
604 1296 641 1336 ne
662 1288 840 1355 conspectae
857 1296 930 1355 opes
944 1280 1021 1337 vitae
1039 1295 1089 1336 no·

98 1372 208 1440 cenent.
239 1362 329 1438 Dein,
347 1381 411 1422 curn
428 1361 543 1420 Prusias
559 1364 693 1421 terrestri
708 1362 788 1422 bello
801 1362 836 1420 ab
849 1360 979 1420 Eumene
994 1359 1117 1423 ¹uictusii

98 1455 179 1504 esset
195 1456 225 1504 et
243 1446 386 1523 proelium
405 1447 433 1503 in
450 1463 529 1503 mare
547 1446 758 1521 transtulisset,
774 1443 900 1503 Annibal
917 1462 992 1503 uovo
1012 1462 1089 1503 com-

97 1537 196 1586 mento
216 1538 316 1587 auctor
334 1531 475 1587 victoriae
491 1529 559 1587 luit:
580 1531 688 1606 quippe
702 1547 785 1587 omne
804 1530 982 1603 serpentium
997 1546 1090 1603 genus

97 1613 127 1669 in
146 1611 251 1669 fictiles
275 1611 395 1686 lagenas
417 1612 511 1669 conici
526 1612 609 1670 iussit
631 1612 786 1689 medioque
809 1610 923 1687 proelio
948 1613 976 1669 in
1000 1629 1090 1670 naves

97 1694 223 1753 hostium
239 1694 329 1752 mittit.
360 1693 393 1752 ld
411 1694 531 1771 primum
554 1694 681 1753 Ponticis
704 1695 855 1753 ridiculum
871 1696 978 1770 visum,
996 1694 1118 1756 fictili-7

98 1777 153 1836 bus
171 1777 328 1851 dimicare,
343 1780 391 1856 qui
409 1777 488 1835 ferro
505 1787 660 1855 nequeant.
688 1778 747 1837 Sed
760 1778 807 1837 ubi
820 1778 1005 1855 serpentibus
1022 1794 1090 1836 coe-

99 1878 173 1939 pere
186 1878 277 1919 naves
294 1861 421 1939 repleri,
435 1860 552 1937 ancipiti
562 1860 694 1938 periculo
708 1862 894 1920 circumventi
907 1861 983 1919 hosti
999 1864 1090 1919 victo·

97 1945 169 2004 riam
186 1953 347 2004 cesserunt.
376 1943 457 2017 Quae
472 1945 521 2004 ubi
538 1940 658 2004 Romam
671 1946 797 2004 nuntiata
813 1953 893 2021 sunt,
916 1946 995 2004 missi
1012 1963 1027 2003 a
1046 1954 1120 2007 se·8

15 2026 21 2035 ’
97 2039 166 2088 natu
182 2029 270 2105 legati
287 2038 367 2103 sunt,
380 2031 428 2105 qui
442 2037 593 2106 utrumque
605 2048 707 2105 regem
720 2031 748 2089 in
760 2046 863 2106 pacem
876 2037 1017 2105 cogerent
1032 2028 1090 2087 An·

98 2112 283 2188 nibalemque
312 2113 520 2190 deposcerent.
551 2112 616 2172 'Sed
640 2112 764 2172 Annibal
786 2131 819 2170 re
841 2113 957 2189 cognita
967 2120 1090 2189 sumpto

97 2213 214 2255 veneno
231 2195 407 2272 legationem
423 2204 516 2254 morte
531 2198 692 2273 praevenit.

133 2339 136 2344 ,
161 2279 285 2356 Insignis
301 2279 349 2347 hic
364 2298 454 2338 annus
471 2282 554 2338 trium
568 2289 631 2339 toto
649 2280 721 2339 orbe
738 2279 923 2338 maximorum
936 2280 1120 2355 imperato-9

98 2381 160 2421 rum
177 2363 318 2422 mortibus
337 2362 404 2440 fuit,
427 2363 578 2422 Annibalis
595 2374 623 2423 et
640 2363 877 2441 Philopoemenis
895 2373 924 2422 et
945 2362 1090 2440 Scipionis

99 2445 238 2506 Africani.
275 2445 320 2505 Ex
340 2448 444 2525 quibus
466 2457 580 2506 constat
595 2446 771 2506 Annibalem
782 2465 837 2506 nec
852 2456 927 2523 tum,
951 2465 1014 2506 cum
1029 2445 1087 2505 Ro·
1100 2458 1135 2508 10

99 2548 183 2589 mano
207 2539 353 2589 tonantem
375 2531 455 2590 hello
476 2531 557 2590 ltalia
582 2532 772 2605 contremuit,
795 2549 850 2589 nec
873 2549 936 2590 eum
953 2547 1090 2590 reversus

100 2611 304 2687 Carthaginem
317 2632 453 2673 summum
466 2615 616 2691 imperium
627 2615 728 2689 tenuit,
741 2622 789 2672 aut
803 2614 954 2673 cubantem
968 2631 1091 2673 cenasse

101 2704 150 2752 aut
176 2695 241 2770 plus
269 2714 352 2772 quam
374 2699 502 2756 sextario
523 2699 580 2756 vini
601 2697 757 2756 indulsisse
778 2698 1002 2775 pudicitiamque
1023 2708 1132 2758 eumll

100 2786 207 2836 tautam
225 2779 300 2835 inter
312 2787 355 2836 tot
371 2782 500 2856 captivas
515 2781 670 2857 habuisse,
687 2790 718 2839 ut
733 2782 761 2839 in
773 2779 873 2840 Africa
890 2790 985 2840 natum
998 2779 1091 2857 quivis

100 2870 234 2936 negaret.
264 2859 471 2922 Moderationis
495 2873 574 2922 certe
592 2867 653 2923 eius
670 2865 738 2940 luit,
762 2873 807 2939 ut,
826 2882 888 2922 cum
910 2863 1088 2922 diversarum
1101 2870 1134 2921 12

100 2946 228 3021 gentium
246 2947 393 3004 exercitus
409 2950 647 3025 rexerit,neque
666 2948 777 3006 insidiis
789 2963 905 3004 suorum
920 2945 1037 3003 militum
1056 2945 1093 3002 sit

99 3029 208 3106 petitus
226 3044 359 3106 umquam
374 3041 470 3107 neque
486 3030 587 3090 lraude
608 3031 756 3110 proditus,
774 3048 837 3088 cunr
852 3038 1003 3106 utrumque
1020 3029 1086 3088 hos·

101 3119 149 3169 tes
163 3128 254 3189 saepe
270 3119 469 3190 temptassent.
566 3114 574 3126 “
