2442 3975
131 147 194 233 'rao
496 184 604 232 nudor
619 184 750 232 ronst
1004 174 1121 231 unns
1206 239 1208 242 v

88 335 328 414 Metapontum
346 337 497 412 emigravit
514 335 611 413 ibique
624 334 768 402 decessit;
788 336 868 394 cuins
879 344 956 395 tanta
971 335 1121 412 admiratio

129 418 200 494 luit,
228 427 260 478 ut
281 436 319 477 ex
340 418 424 477 domo
445 420 507 477 eius
530 418 667 496 templum
691 418 823 479 iacerent
844 435 966 495 eumque
988 434 1042 495 pro
1063 418 1120 476 deo

133 501 275 561 colerent.

104 594 121 645 1
198 584 226 642 5.
249 582 339 660 lgitur
350 582 506 656 Dionysius
521 590 674 656 tyrannus,
692 599 776 659 quem
795 599 881 658 supra
897 581 1024 642 asicilia
1036 599 1120 661 erer·
1139 575 1149 594 ’

131 666 216 725 eitum
232 667 259 723 in
270 663 379 724 ltaliam
393 666 544 742 traiecisse
560 663 727 741 bellumque
740 663 860 725 Graecis
872 664 1003 723 intulisse
1015 680 1119 721 memo

130 749 272 830 ravimus,
300 748 473 823 expugnatis
492 746 593 806 LoerIs
617 744 899 816 Crotonienses·viu
927 748 1006 805 vires
1031 745 1119 820 longo

104 832 193 892 notio
209 847 248 888 ex
263 830 369 906 prioris
384 828 454 888 halli
470 828 554 890 clade
567 837 748 887 resumentes
760 828 940 904 adgreditur,
958 828 1005 905 qui
1017 828 1121 886 lortius
1154 887 1159 896 ,

131 912 316 989 ουιπραιιοίε
337 920 416 970 tanto
437 912 580 998 exercitui
599 911 662 969 eins
676 927 761 987 quam
776 921 859 971 antea
875 929 938 970 cnm
952 920 995 970 tot
1005 909 1122 969 milibus

104 993 317 1059 elnonensium
339 995 475 1071 paucitati
488 995 665 1052 restiterunt.
705 992 824 1052 Tantum
838 995 950 1053 virtutis
964 1001 1121 1072 paupertas

132 1077 290 1137 adversum⁴
299 1076 459 1136 insolentes
475 1076 587 1135 divitias
603 1075 706 1150 hahet,
722 1084 859 1153 tantoque
874 1078 1019 1154 insperata
1034 1076 1120 1132 inter·

105 1159 198 1221 ddum
221 1167 336 1235 sperata
355 1160 477 1217 victoria
500 1160 607 1217 certior
623 1168 677 1230 est.
713 1159 773 1218 Sed
787 1159 954 1232 Dionysium
969 1165 1121 1234 gerentem

133 1239 240 1300 bellurn
260 1240 349 1315 legati
370 1239 534 1316 (loliorum,
558 1241 606 1317 qui
628 1248 693 1300 ante
712 1258 828 1300 meuses
845 1240 964 1301 Romam
986 1239 1121 1299 incende·
1146 1251 1148 1256 ·

106 1337 123 1387 5
134 1331 207 1397 rant,
227 1323 396 1382 societatem
408 1323 618 1399 amicitiamque
630 1332 764 1401 petentes
777 1325 897 1384 adeunt:
915 1331 1030 1400 gentem
1041 1338 1122 1380 suam

132 1406 208 1464 inter
222 1403 323 1463 hostes
339 1406 401 1464 eius
417 1407 539 1482 positam
555 1423 624 1463 esse
640 1423 804 1485 magnoque
819 1409 886 1465 usui
896 1408 923 1466 ei
938 1407 1058 1465 futuram
1073 1403 1121 1462 vel

132 1490 160 1546 in
178 1488 243 1545 acie
261 1485 381 1546 bellanti
403 1488 452 1546 vel
476 1488 513 1547 de
536 1496 622 1563 tergo
643 1490 759 1548 intentis
780 1492 808 1548 in
829 1489 970 1566 proelium
988 1486 1122 1546 hostibus

105 1569 290 1635 sadflrmant.
309 1569 395 1630 Grata
411 1572 519 1646 legatio
535 1570 676 1644 Dionysio
694 1572 754 1632 fuit.
776 1570 818 1631 lta
835 1582 920 1650 pacta
936 1572 1076 1630 societate
1093 1576 1122 1627 et

133 1651 247 1712 auxiliis
263 1651 409 1712 Gallorum
431 1662 532 1712 auctus
553 1651 660 1712 bellum
684 1654 763 1714 velut
786 1673 824 1713 ex
840 1656 953 1731 integro
968 1660 1120 1713 restaurat.

105 1745 121 1800 7
132 1734 184 1802 llis
207 1745 301 1794 autem
316 1734 405 1795 (lallis
429 1753 516 1794 causa
537 1736 565 1793 in
579 1733 689 1796 ltaliam
711 1738 846 1796 veniendi
867 1738 1012 1814 sedesque
1031 1750 1121 1793 nonas

133 1818 291 1895 quaerendi
312 1819 444 1878 intestina
465 1818 609 1877 discordia
630 1828 660 1878 et
680 1819 818 1879 adsiduae
835 1820 910 1880 domi
924 1819 1121 1879 dissensiones

106 1900 238 1974 eluere,
261 1902 504 1978 ·quarum·taedio
533 1918 596 1960 cum
622 1903 649 1959 in
674 1900 784 1962 ltaliam
810 1904 972 1975 venissent,
1004 1898 1123 1980 sedibus

134 1982 245 2042 Tuscos
261 1983 432 2062 expulemnt
448 1994 478 2045 et
491 1982 701 2061 Mediolanum,
716 1984 852 2059 Comum,
871 1984 1010 2057 Brixiam,
1026 1982 1121 2061 Vero·

30 2069 39 2092 ⁹
104 2074 212 2142 huam,
227 2065 418 2143 Bergomum,
434 2068 616 2145 Tridentum,
631 2068 790 2128 Vicentiam
806 2067 1003 2127 condiderunt.
1033 2063 1122 2123 Tusci

133 2165 250 2226 quoque
272 2149 346 2208 duce
360 2149 453 2211 Raeto
469 2152 552 2211 avitis
567 2151 688 2210 sedibus
702 2151 813 2211 amissis
827 2150 920 2228 Alpes
936 2165 1123 2225 occupavere

93 2244 128 2295 10
140 2240 169 2290 et
184 2233 345 2292 eunomius
362 2233 444 2293 ducis
457 2243 561 2311 gentes
576 2233 732 2294 Raetorum
748 2234 944 2294 condiderunt.
978 2232 1036 2291 Sed
1053 2231 1121 2290 Dio·

133 2314 244 2388 nysium
275 2316 302 2372 in
335 2317 460 2376 Siciliam
493 2317 634 2376 adventus
658 2315 934 2393 Carthaginiensium
962 2315 1121 2388 revocavit,

133 2396 182 2473 qui
197 2406 333 2474 reparato
351 2400 481 2459 exercitu
496 2400 620 2474 bellum,
635 2401 713 2476 quod
728 2401 931 2473 deseruerant,
946 2398 1037 2458 auctis
1056 2396 1123 2454 viri·

92 2477 115 2551 {i
133 2477 187 2537 ltus
202 2481 382 2555 repetebant.
416 2483 481 2541 Dur
497 2482 567 2542 belli
580 2483 665 2541 Anno
681 2482 926 2556 Carthaginiensis
942 2490 1021 2541 erat:
1043 2479 1123 2538 cuins

133 2561 264 2623 inimicus
282 2563 430 2639 Suniatus,
463 2566 678 2641 potentissimus
699 2583 733 2624 ea
754 2572 927 2639 tempestate
950 2563 1122 2634 Poenorum,

134 2661 198 2702 oum
218 2645 286 2704 odio
307 2647 369 2705 eins
383 2646 503 2706 Graecis
523 2647 626 2707 litteris
640 2647 781 2721 Dionysio
801 2645 953 2705 adventum
977 2646 1124 2705 exercitus

134 2734 165 2785 et
184 2729 334 2803 segnitiam
356 2729 436 2788 ducis
453 2729 630 2790 familiariter
647 2730 892 2806 praenuntiasset,
913 2727 1124 2806 conprehensis

135 2810 267 2887 epistulis
288 2811 461 2888 proditionis
482 2815 543 2872 eius
566 2813 729 2886 damnatur,
752 2811 830 2872 iacto
845 2821 962 2870 senatus
979 2810 1124 2883 consulto,

91 2901 174 2955 ldne
195 2893 259 2969 quis
280 2903 383 2971 postea
403 2893 648 2971 Carthaginiensis
669 2905 716 2954 ant
736 2888 839 2954 litteris
854 2894 974 2954 Graecis
994 2902 1041 2953 aut
1061 2910 1124 2950 ser·

133 2976 210 3035 moni
225 2976 374 3053 studeret,
395 2995 433 3036 ue
449 2986 496 3044 aut
512 2978 592 3053 loqui
609 2993 673 3036 cnm
689 2976 773 3036 hoste
792 2987 838 3036 aut
853 2975 982 3035 scrihere
1003 2976 1066 3033 sine
1081 2975 1123 3032 in·

92 3065 128 3119 14
138 3066 269 3135 terprete
292 3069 403 3136 posset.
441 3059 505 3118 Neo
525 3060 614 3119 multo
637 3068 705 3137 post
726 3058 900 3135 Dionysius,
930 3073 1014 3133 quem
1035 3056 1124 3134 paula

136 3147 202 3198 ante
217 3157 274 3200 non
290 3142 406 3217 Sicilia,
428 3159 486 3203 nou
500 3140 579 3202 ltalia
595 3140 744 3218 capiebat,
766 3142 892 3203 adsiduis
904 3139 975 3200 belli
990 3140 1124 3199 certami-

134 3220 227 3360 qrihqus·
247 3224 340 3288 victua
363 3225 531 3302 fructusque
552 3225 666 3285 insidiis
691 3225 726 3284 ad
749 3235 925 3303 postremum
946 3239 1062 3281 suorum
1082 3223 1123 3295 iu-

148 3320 180 3360 er
202 3313 283 3363 citur.

507 3400 618 3415 ..p-‚v
628 3399 713 3406 vn...
