2442 3975
105 173 247 229 mvtn
260 177 337 228 t-o
446 181 537 229 meu.
551 180 750 229 rn1c4ur1r.
1036 171 1096 233 189

105 346 178 410 tem,
196 335 248 401 sed
260 335 438 394 consortium
449 335 564 412 imperii
579 335 764 412 civitatisque
779 344 965 412 poscentem
981 346 1012 395 et
1025 354 1092 413 gra·
1105 346 1140 400 lt

106 421 169 478 vius
184 420 280 477 vicino
295 417 396 477 ltaliae
410 416 491 476 bello
507 434 591 492 quam
605 416 774 477 domesticis
789 419 948 496 principum
963 419 1095 480 factioni·

105 502 159 561 bus
175 502 276 561 urbem
292 501 401 577 premi,
423 499 573 577 multoque
588 500 783 577 periculosius
801 518 869 560 esse
884 501 987 560 italico
1009 502 1095 561 civile

104 584 221 644 beilum.
255 582 345 641 Simul
362 592 393 641 et
408 599 424 641 a
440 580 590 642 Germania
606 580 757 659 Gimbros,
775 585 903 643 inmensa
919 583 996 642 milia
1012 585 1138 646 iero-15

104 676 270 742 sumatque
290 666 427 746 inmitium
449 664 639 743 populorum,
665 683 746 725 more
767 666 924 745 procellae,
939 666 1094 727 inundasse

93 749 230 809 italiam:
250 764 369 825 quorum
381 748 436 806 etsi
448 747 560 823 singula
574 748 813 809 bettesusttnere
825 748 946 807 Romani
961 758 1091 826 possent,
1106 758 1139 812 16

104 833 249 891 universis
270 840 365 891 tamen
388 829 563 906 obruantur,
588 841 619 891 ut
638 849 676 890 ne
696 842 851 892 vacaturos
874 832 990 909 quidem
1011 832 1092 891 belio

105 932 159 974 suo
177 923 268 991 putet.
851 954 866 960 -

169 998 198 1055 5.
220 996 363 1055 Utendum
383 996 470 1072 igitur
487 997 646 1056 occasione
660 1005 690 1055 et
706 999 845 1074 rapienda
861 1001 1038 1058 incrementa
1053 999 1094 1057 vi·
1108 1011 1123 1061 1

88 1081 192 1153 rium,
205 1097 259 1155 ne,
276 1080 301 1139 si
315 1079 373 1138 illis
385 1081 538 1157 occupatis
549 1080 730 1156 quieverint,
746 1098 814 1139 mox
829 1081 970 1140 adversus
985 1097 1095 1140 vacuos

104 1172 136 1223 et
152 1165 269 1239 quietos
291 1163 382 1225 maius
403 1163 550 1238 negotium
570 1161 705 1221 habeant.
742 1162 809 1221 Non
833 1165 908 1222 enim
924 1165 1040 1241 quaeri,
1060 1175 1125 1225 ana

104 1246 246 1323 capienda
259 1247 318 1304 sint
334 1263 429 1320 arma,
446 1246 499 1304 sed
516 1255 610 1305 utrum
625 1263 677 1305 sua
693 1247 789 1323 potius
806 1249 963 1306 occasione
980 1264 1016 1305 an
1030 1246 1092 1306 illo·

104 1347 177 1389 rnm.
208 1327 284 1388 Nam
294 1328 403 1387 bellum
419 1328 537 1404 quidem.
549 1330 605 1388 iam
617 1336 797 1388 tuocsecum
809 1329 912 1389 abillis
924 1333 988 1407 geri
1004 1346 1093 1408 coep·
1106 1341 1124 1393 3

106 1421 181 1487 tum,
205 1430 269 1470 cum
283 1410 340 1470 sibi
355 1410 467 1488 pupiilo
486 1410 622 1470 maiorem
640 1411 793 1488 Phrygiam
809 1412 992 1486 ademerant,
1009 1430 1094 1490 quam

106 1497 180 1572 patri
200 1511 253 1553 suo
269 1496 427 1572 praemium
448 1493 505 1552 dati
526 1495 669 1558 adversus
684 1494 879 1553 Aristonicum
904 1496 1000 1553 auxilii
1026 1512 1094 1553 con·

106 1585 275 1650 cesserant,-
296 1583 414 1657 gentem
429 1585 562 1652 quam-et
579 1575 690 1653 proavo
708 1593 761 1635 suo
780 1576 936 1636 Mithridati
952 1578 1094 1637 Seieucus

107 1656 267 1719 Galliuicus
282 1659 311 1716 iu
326 1659 423 1717 dotem
438 1658 577 1717 dedisset.
605 1658 695 1731 Quid,
710 1676 775 1717 eum
790 1658 986 1736 Paphlagonia
1000 1678 1033 1718 se
1044 1659 1124 1724 det

105 1742 215 1802 cedere
233 1742 384 1814 iusserint,
400 1758 457 1799 non
474 1741 595 1800 aiterum
612 1741 683 1801 iliud
697 1756 790 1817 genus
805 1741 876 1801 belli
892 1740 1004 1800 fuisse?
1019 1761 1094 1819 quae
1175 1786 1179 1793 .

105 1843 164 1885 nou
181 1826 227 1899 ui,
242 1842 300 1883 non
318 1824 419 1899 armis,
440 1823 493 1883 sed
513 1825 672 1902 adoptione
696 1827 859 1884 testamenti
881 1834 910 1883 et
919 1832 1027 1901 ‘regum
1043 1825 1094 1884 do·
1126 1869 1130 1877 .

106 1909 293 1968 mesticorum
313 1908 428 1966 interitu
448 1906 624 1966 hereditaria
646 1908 720 1985 patri
740 1926 794 1967 suo
811 1907 991 1967 obvenisset.
1024 1905 1123 1971 Gema

105 1995 182 2053 inter
197 1992 271 2051 hanc
285 1990 702 2050 decretorumamaritudinem
717 1992 846 2070 parendo
862 2007 918 2049 uon
932 2001 1027 2050 temen
1041 2009 1094 2051 eos

105 2076 267 2151 mitigaret,
292 2075 361 2152 quin
390 2073 527 2134 acerbius
552 2076 580 2133 iu
606 2074 670 2133 dies
692 2084 812 2151 gerant,
841 2092 898 2134 non
924 2073 1095 2133 obtinuisse.

106 2158 192 2232 Quod
207 2160 282 2218 enim
303 2175 369 2216 ase
385 2173 443 2215 non
459 2156 621 2234 praebitum
644 2158 702 2216 iliis
719 2154 912 2234 obsequium?
934 2174 992 2215 non
1004 2157 1123 2231 Phry-6

106 2243 183 2319 giam
208 2240 493 2318 Paphlagoniamque
517 2238 674 2300 dimissas?
709 2258 770 2299 non
794 2239 981 2319 Cappadocia
1007 2240 1094 2299 hlium
1148 2273 1151 2276 ι

106 2326 255 2397 eductum,
280 2342 364 2401 quam
385 2325 448 2382 iure
470 2326 597 2400 gentium
618 2325 712 2397 victor
734 2321 952 2401 occupaverat?
980 2332 1120 2400 raptum?

105 2417 201 2467 umen
215 2407 271 2466 sibi
292 2425 360 2467 esse
376 2407 517 2466 victoriae
537 2410 580 2466 ius
601 2406 729 2481 abillis,
750 2425 872 2486 quorum
893 2407 961 2466 nihil
978 2416 1027 2482 est
1041 2408 1095 2465 uisi

100 2491 189 2551 belin
206 2493 378 2568 quaesitum,
409 2488 476 2549 Non
497 2508 598 2568 regem
616 2489 766 2565 Bithyniae
784 2488 942 2563 chreston,
964 2493 1123 2570 inquens

105 2583 223 2633 senatus
238 2592 317 2634 arma
331 2573 519 2648 decreverat,
541 2593 558 2633 a
580 2592 613 2633 se
629 2575 793 2650 ingratiam
809 2574 925 2634 illorum
945 2571 1094 2633 occisum?

107 2666 204 2717 tamen
214 2657 303 2717 nihilo
315 2659 409 2718 minus
419 2660 542 2735 inputari
557 2657 627 2732 sibi,
644 2659 667 2717 si
684 2676 740 2735 qua
752 2657 875 2717 Gordius
890 2667 937 2719 aut
952 2656 1094 2732 Tigranes

92 2742 212 2800 iaciat:
234 2740 399 2800 libertatem
415 2742 501 2800 etiam
522 2742 550 2798 in
571 2741 775 2800 contumetiam
796 2743 873 2799 suia
895 2748 996 2799 senatu
1017 2738 1121 2802 nitrea

107 2824 232 2883 delatum
255 2821 476 2901 Cappadociae,
500 2841 583 2900 quam
604 2824 724 2901 reliquis
740 2825 875 2900 gentibus
893 2821 1092 2882 abstulerunt:

106 2907 174 2966 dein
194 2906 306 2986 populo
322 2903 527 2982 Cappadocum
549 2925 602 2980 pro
621 2906 755 2969 libertate
778 2905 875 2964 oblata
892 2903 1028 2963 Gordium
1045 2920 1092 2961 re·

107 3008 175 3067 gem
189 2998 291 3049 orante
307 2988 375 3048 ideo
391 2997 486 3048 tamen
502 2999 624 3066 tantum,
640 2991 773 3068 quoniam
791 2989 898 3047 anticus
916 3004 985 3044 suus
1001 2996 1091 3058 esset,

106 3092 165 3134 non
179 3073 348 3133 obtinuisse
388 3070 576 3132 Nicomedem
596 3074 757 3151 praecepto
778 3071 892 3130 illorum
909 3069 1016 3128 beilum
1035 3068 1089 3128 sibi
1101 3083 1136 3132 lo

108 3157 251 3215 intulisse:
271 3157 337 3233 quia
352 3155 442 3215 ultum
462 3158 529 3215 ierit
543 3174 592 3229 se,
610 3156 646 3214 ab
657 3157 729 3233 ipsis
743 3163 857 3214 ventum
870 3152 985 3212 obviam
1000 3152 1028 3210 in
1043 3169 1091 3227 eo,

108 3248 137 3299 et
154 3256 229 3299 nunc
244 3257 308 3298 eam
322 3256 421 3298 seeum
436 3239 563 3299 bellandi
580 3239 638 3298 iliis
655 3257 770 3297 causam
785 3237 864 3310 iore,
886 3234 963 3312 quod
979 3252 1035 3295 non
1051 3237 1091 3294 in·

108 3339 186 3399 pune
202 3340 236 3396 ee
251 3320 401 3380 Nicomedi
423 3322 624 3397 lacerandum,
647 3321 802 3381 saltatricis
822 3320 898 3396 tilio,
914 3317 1090 3396 praebuerit.
1107 3363 1109 3368 >

165 3406 200 3465 o.
222 3403 339 3483 Quippe
353 3421 410 3464 non
420 3406 528 3466 delicta
540 3422 642 3481 regum
655 3405 739 3477 illos,
756 3403 808 3462 sed
819 3405 898 3462 vires
910 3420 945 3463 eo
957 3403 1090 3472 maiesta·
1103 3415 1118 3465 1
