<?xml version="1.0" encoding="UTF-8"?>
<!DOCTYPE html PUBLIC "-//W3C//DTD XHTML 1.0 Transitional//EN"
    "http://www.w3.org/TR/xhtml1/DTD/xhtml1-transitional.dtd">
<html xmlns="http://www.w3.org/1999/xhtml" xml:lang="en" lang="en">
 <head>
  <title>
</title>
<meta http-equiv="Content-Type" content="text/html;charset=utf-8" />
  <meta name='ocr-system' content='tesseract 3.04.00' />
  <meta name='ocr-capabilities' content='ocr_page ocr_carea ocr_par ocr_line ocrx_word'/>
</head>
<body>
  <div class='ocr_page' id='page_1' title='image "./iustinustrogipo00troggoog_0442.png"; bbox 0 0 2442 3975; ppageno 0'>
   <div class='ocr_carea' id='block_1_1' title="bbox 159 192 810 254">
    <p class='ocr_par' dir='ltr' id='par_1_1' title="bbox 159 192 810 254">
     <span class='ocr_line' id='line_1_1' title="bbox 159 192 810 254; baseline -0.005 0"><span class='ocrx_word' id='word_1_1' title='bbox 159 192 222 254; x_wconf 76' lang='lat' dir='ltr'>stt</span> <span class='ocrx_word' id='word_1_2' title='bbox 439 203 700 251; x_wconf 81' lang='lat' dir='ltr'>rnonocrnrsr.</span> <span class='ocrx_word' id='word_1_3' title='bbox 715 203 810 251; x_wconf 76' lang='lat' dir='ltr'>enno.</span> 
     </span>
    </p>
   </div>
   <div class='ocr_carea' id='block_1_2' title="bbox 158 352 1152 601">
    <p class='ocr_par' dir='ltr' id='par_1_2' title="bbox 158 352 1152 601">
     <span class='ocr_line' id='line_1_2' title="bbox 158 352 1152 434; baseline -0.003 -16"><span class='ocrx_word' id='word_1_4' title='bbox 158 357 300 434; x_wconf 71' lang='lat' dir='ltr'>Argolica</span> <span class='ocrx_word' id='word_1_5' title='bbox 322 364 352 415; x_wconf 89' lang='lat' dir='ltr'>et</span> <span class='ocrx_word' id='word_1_6' title='bbox 366 354 528 432; x_wconf 83' lang='lat' dir='ltr'>hiessania,</span> <span class='ocrx_word' id='word_1_7' title='bbox 547 355 703 433; x_wconf 76' lang='lat' dir='ltr'>coalitique</span> <span class='ocrx_word' id='word_1_8' title='bbox 724 356 879 430; x_wconf 74' lang='lat' dir='ltr'>Sicyoniae</span> <span class='ocrx_word' id='word_1_9' title='bbox 900 364 930 414; x_wconf 93' lang='lat' dir='ltr'>et</span> <span class='ocrx_word' id='word_1_10' title='bbox 950 352 1081 416; x_wconf 80' lang='lat' dir='ltr'>Corinthi</span> <span class='ocrx_word' id='word_1_11' title='bbox 1104 364 1152 430; x_wconf 77' lang='lat' dir='ltr'>ty-</span> 
     </span>
     <span class='ocr_line' id='line_1_3' title="bbox 158 437 1152 517; baseline -0.001 -18"><span class='ocrx_word' id='word_1_12' title='bbox 158 441 249 499; x_wconf 90' lang='lat' dir='ltr'>raoni.</span> <span class='ocrx_word' id='word_1_13' title='bbox 289 439 401 499; x_wconf 87' lang='lat' dir='ltr'>Bellum</span> <span class='ocrx_word' id='word_1_14' title='bbox 424 437 571 509; x_wconf 73' lang='lat' dir='ltr'>Crisaeum</span> <span class='ocrx_word' id='word_1_15' title='bbox 598 446 628 497; x_wconf 90' lang='lat' dir='ltr'>et</span> <span class='ocrx_word' id='word_1_16' title='bbox 653 438 731 515; x_wconf 87' lang='lat' dir='ltr'>qood</span> <span class='ocrx_word' id='word_1_17' title='bbox 751 438 943 498; x_wconf 68' lang='lat' dir='ltr'>Athenienses</span> <span class='ocrx_word' id='word_1_18' title='bbox 968 439 1061 517; x_wconf 87' lang='lat' dir='ltr'>primo</span> <span class='ocrx_word' id='word_1_19' title='bbox 1082 457 1152 498; x_wconf 88' lang='lat' dir='ltr'>curn</span> 
     </span>
     <span class='ocr_line' id='line_1_4' title="bbox 158 521 862 601; baseline -0.001 -20"><span class='ocrx_word' id='word_1_20' title='bbox 158 521 293 601; x_wconf 89' lang='lat' dir='ltr'>Boeotis,</span> <span class='ocrx_word' id='word_1_21' title='bbox 304 521 376 600; x_wconf 42' lang='lat' dir='ltr'>,dein</span> <span class='ocrx_word' id='word_1_22' title='bbox 388 539 452 583; x_wconf 91' lang='lat' dir='ltr'>curn</span> <span class='ocrx_word' id='word_1_23' title='bbox 464 521 685 599; x_wconf 83' lang='lat' dir='ltr'>Peloponnesiis</span> <span class='ocrx_word' id='word_1_24' title='bbox 698 531 862 596; x_wconf 73' lang='lat' dir='ltr'>gesserunt.</span> 
     </span>
    </p>
   </div>
   <div class='ocr_carea' id='block_1_3' title="bbox 475 668 829 718">
    <p class='ocr_par' dir='ltr' id='par_1_3' title="bbox 475 668 829 718">
     <span class='ocr_line' id='line_1_5' title="bbox 475 668 829 718; baseline -0.008 -1"><span class='ocrx_word' id='word_1_25' title='bbox 475 669 658 718; x_wconf 83' lang='lat' dir='ltr'>PROLOGUS</span> <span class='ocrx_word' id='word_1_26' title='bbox 673 668 768 717; x_wconf 81' lang='lat' dir='ltr'>LIBRI</span> <span class='ocrx_word' id='word_1_27' title='bbox 782 668 829 715; x_wconf 80' lang='lat' dir='ltr'>lv.</span> 
     </span>
    </p>
   </div>
   <div class='ocr_carea' id='block_1_4' title="bbox 159 762 1150 927">
    <p class='ocr_par' dir='ltr' id='par_1_4' title="bbox 159 762 1150 927">
     <span class='ocr_line' id='line_1_6' title="bbox 223 762 1150 838; baseline -0.001 -15"><span class='ocrx_word' id='word_1_28' title='bbox 223 763 334 837; x_wconf 79' lang='lat' dir='ltr'>Quarto</span> <span class='ocrx_word' id='word_1_29' title='bbox 351 766 497 829; x_wconf 86' lang='lat' dir='ltr'>volumine</span> <span class='ocrx_word' id='word_1_30' title='bbox 515 769 697 828; x_wconf 83' lang='lat' dir='ltr'>continentur</span> <span class='ocrx_word' id='word_1_31' title='bbox 710 785 759 827; x_wconf 87' lang='lat' dir='ltr'>res</span> <span class='ocrx_word' id='word_1_32' title='bbox 778 763 906 838; x_wconf 75' lang='lat' dir='ltr'>Siculae,</span> <span class='ocrx_word' id='word_1_33' title='bbox 923 763 959 824; x_wconf 85' lang='lat' dir='ltr'>als</span> <span class='ocrx_word' id='word_1_34' title='bbox 978 762 1075 822; x_wconf 86' lang='lat' dir='ltr'>ultima</span> <span class='ocrx_word' id='word_1_35' title='bbox 1088 764 1150 823; x_wconf 90' lang='lat' dir='ltr'>cri·</span> 
     </span>
     <span class='ocr_line' id='line_1_7' title="bbox 159 845 1084 927; baseline -0.002 -21"><span class='ocrx_word' id='word_1_36' title='bbox 159 848 228 924; x_wconf 74' lang='lat' dir='ltr'>gine</span> <span class='ocrx_word' id='word_1_37' title='bbox 242 866 336 927; x_wconf 85' lang='lat' dir='ltr'>usque</span> <span class='ocrx_word' id='word_1_38' title='bbox 353 849 389 909; x_wconf 91' lang='lat' dir='ltr'>ad</span> <span class='ocrx_word' id='word_1_39' title='bbox 404 850 529 910; x_wconf 85' lang='lat' dir='ltr'>deletam</span> <span class='ocrx_word' id='word_1_40' title='bbox 546 852 699 925; x_wconf 73' lang='lat' dir='ltr'>Syracusis</span> <span class='ocrx_word' id='word_1_41' title='bbox 717 848 935 909; x_wconf 77' lang='lat' dir='ltr'>Atheniensium</span> <span class='ocrx_word' id='word_1_42' title='bbox 951 845 1084 907; x_wconf 78' lang='lat' dir='ltr'>classem.</span> 
     </span>
    </p>
   </div>
   <div class='ocr_carea' id='block_1_5' title="bbox 393 994 831 1049">
    <p class='ocr_par' dir='ltr' id='par_1_5' title="bbox 393 994 831 1049">
     <span class='ocr_line' id='line_1_8' title="bbox 393 994 831 1049; baseline -0.025 0"><span class='ocrx_word' id='word_1_43' title='bbox 393 1042 395 1049; x_wconf 81' lang='grc'>,</span> <span class='ocrx_word' id='word_1_44' title='bbox 487 995 669 1044; x_wconf 81' lang='lat' dir='ltr'><strong>PROLOGUS</strong></span> <span class='ocrx_word' id='word_1_45' title='bbox 687 994 783 1041; x_wconf 79' lang='lat' dir='ltr'>LIBRI</span> <span class='ocrx_word' id='word_1_46' title='bbox 799 994 831 1039; x_wconf 84' lang='lat' dir='ltr'>V.</span> 
     </span>
    </p>
   </div>
   <div class='ocr_carea' id='block_1_6' title="bbox 157 1087 1150 1649">
    <p class='ocr_par' dir='ltr' id='par_1_6' title="bbox 157 1087 1150 1649">
     <span class='ocr_line' id='line_1_9' title="bbox 223 1087 1150 1164; baseline -0.004 -13"><span class='ocrx_word' id='word_1_47' title='bbox 223 1090 329 1164; x_wconf 81' lang='lat' dir='ltr'>Quinto</span> <span class='ocrx_word' id='word_1_48' title='bbox 352 1091 497 1153; x_wconf 80' lang='lat' dir='ltr'>volumine</span> <span class='ocrx_word' id='word_1_49' title='bbox 520 1095 702 1154; x_wconf 88' lang='lat' dir='ltr'>continentur</span> <span class='ocrx_word' id='word_1_50' title='bbox 719 1092 801 1152; x_wconf 90' lang='lat' dir='ltr'>haec.</span> <span class='ocrx_word' id='word_1_51' title='bbox 838 1089 950 1151; x_wconf 85' lang='lat' dir='ltr'>Bellum</span> <span class='ocrx_word' id='word_1_52' title='bbox 966 1089 1042 1147; x_wconf 89' lang='lat' dir='ltr'>inter</span> <span class='ocrx_word' id='word_1_53' title='bbox 1056 1087 1150 1148; x_wconf 88' lang='lat' dir='ltr'>Athe·</span> 
     </span>
     <span class='ocr_line' id='line_1_10' title="bbox 158 1173 1148 1254; baseline -0.006 -20"><span class='ocrx_word' id='word_1_54' title='bbox 158 1176 274 1234; x_wconf 83' lang='lat' dir='ltr'>aienses</span> <span class='ocrx_word' id='word_1_55' title='bbox 296 1183 325 1233; x_wconf 89' lang='lat' dir='ltr'>et</span> <span class='ocrx_word' id='word_1_56' title='bbox 344 1173 607 1252; x_wconf 83' lang='lat' dir='ltr'>Lacedaemonios,</span> <span class='ocrx_word' id='word_1_57' title='bbox 631 1175 710 1254; x_wconf 84' lang='lat' dir='ltr'>qood</span> <span class='ocrx_word' id='word_1_58' title='bbox 730 1173 919 1234; x_wconf 79' lang='lat' dir='ltr'>Deceleicum</span> <span class='ocrx_word' id='word_1_59' title='bbox 943 1178 1074 1246; x_wconf 85' lang='lat' dir='ltr'>vocatur,</span> <span class='ocrx_word' id='word_1_60' title='bbox 1099 1189 1148 1230; x_wconf 91' lang='lat' dir='ltr'>us·</span> 
     </span>
     <span class='ocr_line' id='line_1_11' title="bbox 160 1255 1149 1337; baseline -0.002 -21"><span class='ocrx_word' id='word_1_61' title='bbox 160 1257 272 1335; x_wconf 84' lang='lat' dir='ltr'>quoad</span> <span class='ocrx_word' id='word_1_62' title='bbox 296 1265 396 1334; x_wconf 83' lang='lat' dir='ltr'>captas</span> <span class='ocrx_word' id='word_1_63' title='bbox 417 1259 555 1320; x_wconf 87' lang='lat' dir='ltr'>Athenas.</span> <span class='ocrx_word' id='word_1_64' title='bbox 599 1259 638 1318; x_wconf 89' lang='lat' dir='ltr'>Ut</span> <span class='ocrx_word' id='word_1_65' title='bbox 659 1257 773 1337; x_wconf 84' lang='lat' dir='ltr'>expulsi</span> <span class='ocrx_word' id='word_1_66' title='bbox 795 1265 862 1327; x_wconf 87' lang='lat' dir='ltr'>sunt</span> <span class='ocrx_word' id='word_1_67' title='bbox 883 1255 1006 1314; x_wconf 79' lang='lat' dir='ltr'>Athenis</span> <span class='ocrx_word' id='word_1_68' title='bbox 1031 1255 1149 1331; x_wconf 79' lang='lat' dir='ltr'>triginta</span> 
     </span>
     <span class='ocr_line' id='line_1_12' title="bbox 157 1337 1150 1420; baseline -0.003 -21"><span class='ocrx_word' id='word_1_69' title='bbox 157 1340 279 1414; x_wconf 74' lang='lat' dir='ltr'>tyranni.</span> <span class='ocrx_word' id='word_1_70' title='bbox 311 1339 422 1403; x_wconf 87' lang='lat' dir='ltr'>Bellum</span> <span class='ocrx_word' id='word_1_71' title='bbox 445 1342 523 1420; x_wconf 90' lang='lat' dir='ltr'>qood</span> <span class='ocrx_word' id='word_1_72' title='bbox 542 1341 762 1402; x_wconf 74' lang='lat' dir='ltr'>lacedaemonii</span> <span class='ocrx_word' id='word_1_73' title='bbox 777 1341 805 1398; x_wconf 92' lang='lat' dir='ltr'>in</span> <span class='ocrx_word' id='word_1_74' title='bbox 816 1339 887 1398; x_wconf 87' lang='lat' dir='ltr'>Asia</span> <span class='ocrx_word' id='word_1_75' title='bbox 904 1355 967 1396; x_wconf 85' lang='lat' dir='ltr'>cunr</span> <span class='ocrx_word' id='word_1_76' title='bbox 982 1337 1150 1397; x_wconf 81' lang='lat' dir='ltr'>Artaxerxe</span> 
     </span>
     <span class='ocr_line' id='line_1_13' title="bbox 158 1420 1148 1502; baseline -0.003 -21"><span class='ocrx_word' id='word_1_77' title='bbox 158 1432 313 1500; x_wconf 74' lang='lat' dir='ltr'>gesserunt</span> <span class='ocrx_word' id='word_1_78' title='bbox 341 1433 462 1502; x_wconf 80' lang='lat' dir='ltr'>propter</span> <span class='ocrx_word' id='word_1_79' title='bbox 484 1423 590 1499; x_wconf 75' lang='lat' dir='ltr'>Cyrum</span> <span class='ocrx_word' id='word_1_80' title='bbox 614 1426 723 1484; x_wconf 87' lang='lat' dir='ltr'>initum.</span> <span class='ocrx_word' id='word_1_81' title='bbox 774 1422 848 1482; x_wconf 87' lang='lat' dir='ltr'>llinc</span> <span class='ocrx_word' id='word_1_82' title='bbox 871 1420 1025 1499; x_wconf 84' lang='lat' dir='ltr'>repetitum</span> <span class='ocrx_word' id='word_1_83' title='bbox 1045 1422 1074 1479; x_wconf 90' lang='lat' dir='ltr'>in</span> <span class='ocrx_word' id='word_1_84' title='bbox 1096 1438 1148 1479; x_wconf 86' lang='lat' dir='ltr'>ex·</span> 
     </span>
     <span class='ocr_line' id='line_1_14' title="bbox 160 1504 1148 1582; baseline -0.004 -16"><span class='ocrx_word' id='word_1_85' title='bbox 160 1523 246 1566; x_wconf 82' lang='lat' dir='ltr'>ceusu</span> <span class='ocrx_word' id='word_1_86' title='bbox 261 1504 331 1580; x_wconf 75' lang='lat' dir='ltr'>Gyri</span> <span class='ocrx_word' id='word_1_87' title='bbox 343 1524 407 1567; x_wconf 87' lang='lat' dir='ltr'>curn</span> <span class='ocrx_word' id='word_1_88' title='bbox 422 1508 512 1568; x_wconf 80' lang='lat' dir='ltr'>fratre</span> <span class='ocrx_word' id='word_1_89' title='bbox 527 1506 634 1567; x_wconf 88' lang='lat' dir='ltr'>bellurn</span> <span class='ocrx_word' id='word_1_90' title='bbox 652 1517 682 1567; x_wconf 91' lang='lat' dir='ltr'>et</span> <span class='ocrx_word' id='word_1_91' title='bbox 700 1507 892 1581; x_wconf 82' lang='lat' dir='ltr'>Graecorum,</span> <span class='ocrx_word' id='word_1_92' title='bbox 910 1504 956 1582; x_wconf 85' lang='lat' dir='ltr'>qui</span> <span class='ocrx_word' id='word_1_93' title='bbox 972 1504 1027 1562; x_wconf 88' lang='lat' dir='ltr'>soh</span> <span class='ocrx_word' id='word_1_94' title='bbox 1043 1522 1080 1564; x_wconf 90' lang='lat' dir='ltr'>eo</span> <span class='ocrx_word' id='word_1_95' title='bbox 1096 1505 1148 1562; x_wconf 84' lang='lat' dir='ltr'>nsi·</span> 
     </span>
     <span class='ocr_line' id='line_1_15' title="bbox 158 1589 322 1649; baseline -0.012 -1"><span class='ocrx_word' id='word_1_96' title='bbox 158 1589 322 1649; x_wconf 84' lang='lat' dir='ltr'>litaverunt.</span> 
     </span>
    </p>
   </div>
   <div class='ocr_carea' id='block_1_7' title="bbox 476 1706 866 1785">
    <p class='ocr_par' dir='ltr' id='par_1_7' title="bbox 476 1706 866 1785">
     <span class='ocr_line' id='line_1_16' title="bbox 476 1706 866 1785; baseline 0.003 -2"><span class='ocrx_word' id='word_1_97' title='bbox 476 1706 659 1785; x_wconf 79' lang='lat' dir='ltr'>nnonocus</span> <span class='ocrx_word' id='word_1_98' title='bbox 674 1734 771 1781; x_wconf 79' lang='lat' dir='ltr'>uranu</span> <span class='ocrx_word' id='word_1_99' title='bbox 784 1734 832 1782; x_wconf 83' lang='lat' dir='ltr'>vr.</span> <span class='ocrx_word' id='word_1_100' title='bbox 863 1774 866 1784; x_wconf 21' lang='grc' dir='ltr'><em>Α</em></span> 
     </span>
    </p>
   </div>
   <div class='ocr_carea' id='block_1_8' title="bbox 157 1830 1150 2330">
    <p class='ocr_par' dir='ltr' id='par_1_8' title="bbox 157 1830 1150 2330">
     <span class='ocr_line' id='line_1_17' title="bbox 219 1830 1148 1895; baseline 0.002 -3"><span class='ocrx_word' id='word_1_101' title='bbox 219 1833 311 1892; x_wconf 85' lang='lat' dir='ltr'>Sexto</span> <span class='ocrx_word' id='word_1_102' title='bbox 327 1833 477 1892; x_wconf 76' lang='lat' dir='ltr'>&#39;volumine</span> <span class='ocrx_word' id='word_1_103' title='bbox 503 1837 684 1894; x_wconf 84' lang='lat' dir='ltr'>continentur</span> <span class='ocrx_word' id='word_1_104' title='bbox 706 1833 789 1893; x_wconf 85' lang='lat' dir='ltr'>haec.</span> <span class='ocrx_word' id='word_1_105' title='bbox 825 1830 937 1892; x_wconf 88' lang='lat' dir='ltr'>Bellum</span> <span class='ocrx_word' id='word_1_106' title='bbox 954 1833 1148 1895; x_wconf 84' lang='lat' dir='ltr'>Lacedaemo·</span> 
     </span>
     <span class='ocr_line' id='line_1_18' title="bbox 158 1917 1148 1995; baseline 0.002 -20"><span class='ocrx_word' id='word_1_107' title='bbox 158 1918 270 1976; x_wconf 85' lang='lat' dir='ltr'>niorum</span> <span class='ocrx_word' id='word_1_108' title='bbox 300 1925 414 1993; x_wconf 74' lang='lat' dir='ltr'>gesturo</span> <span class='ocrx_word' id='word_1_109' title='bbox 442 1920 470 1976; x_wconf 94' lang='lat' dir='ltr'>in</span> <span class='ocrx_word' id='word_1_110' title='bbox 494 1917 563 1977; x_wconf 86' lang='lat' dir='ltr'>Asia</span> <span class='ocrx_word' id='word_1_111' title='bbox 585 1936 648 1977; x_wconf 90' lang='lat' dir='ltr'>cum</span> <span class='ocrx_word' id='word_1_112' title='bbox 670 1917 798 1976; x_wconf 82' lang='lat' dir='ltr'>Persicis</span> <span class='ocrx_word' id='word_1_113' title='bbox 822 1917 997 1995; x_wconf 84' lang='lat' dir='ltr'>praelectis,</span> <span class='ocrx_word' id='word_1_114' title='bbox 1026 1917 1148 1978; x_wconf 87' lang='lat' dir='ltr'>ducibus</span> 
     </span>
     <span class='ocr_line' id='line_1_19' title="bbox 157 1999 1149 2081; baseline 0.002 -21"><span class='ocrx_word' id='word_1_115' title='bbox 157 2001 229 2070; x_wconf 85' lang='lat' dir='ltr'>belli</span> <span class='ocrx_word' id='word_1_116' title='bbox 243 1999 401 2061; x_wconf 89' lang='lat' dir='ltr'>Derculide</span> <span class='ocrx_word' id='word_1_117' title='bbox 414 2010 442 2060; x_wconf 87' lang='lat' dir='ltr'>et</span> <span class='ocrx_word' id='word_1_118' title='bbox 454 2001 605 2081; x_wconf 81' lang='lat' dir='ltr'>Agesilao,</span> <span class='ocrx_word' id='word_1_119' title='bbox 623 2018 714 2079; x_wconf 90' lang='lat' dir='ltr'>osque</span> <span class='ocrx_word' id='word_1_120' title='bbox 728 1999 763 2058; x_wconf 94' lang='lat' dir='ltr'>ad</span> <span class='ocrx_word' id='word_1_121' title='bbox 774 1999 915 2076; x_wconf 85' lang='lat' dir='ltr'>proelium</span> <span class='ocrx_word' id='word_1_122' title='bbox 927 2001 1030 2061; x_wconf 82' lang='lat' dir='ltr'>navale</span> <span class='ocrx_word' id='word_1_123' title='bbox 1042 2002 1149 2062; x_wconf 87' lang='lat' dir='ltr'>iactum</span> 
     </span>
     <span class='ocr_line' id='line_1_20' title="bbox 158 2082 1150 2162; baseline 0.002 -19"><span class='ocrx_word' id='word_1_124' title='bbox 158 2082 266 2143; x_wconf 79' lang='lat' dir='ltr'>Cnido:</span> <span class='ocrx_word' id='word_1_125' title='bbox 281 2100 339 2160; x_wconf 83' lang='lat' dir='ltr'>quo</span> <span class='ocrx_word' id='word_1_126' title='bbox 356 2085 441 2143; x_wconf 87' lang='lat' dir='ltr'>victis</span> <span class='ocrx_word' id='word_1_127' title='bbox 456 2085 513 2146; x_wconf 88' lang='lat' dir='ltr'>illis</span> <span class='ocrx_word' id='word_1_128' title='bbox 526 2085 723 2145; x_wconf 83' lang='lat' dir='ltr'>Athenienses</span> <span class='ocrx_word' id='word_1_129' title='bbox 733 2084 882 2158; x_wconf 86' lang='lat' dir='ltr'>repetiere</span> <span class='ocrx_word' id='word_1_130' title='bbox 897 2084 1056 2162; x_wconf 87' lang='lat' dir='ltr'>imperium.</span> <span class='ocrx_word' id='word_1_131' title='bbox 1073 2085 1150 2146; x_wconf 85' lang='lat' dir='ltr'>Dein</span> 
     </span>
     <span class='ocr_line' id='line_1_21' title="bbox 158 2164 1150 2245; baseline 0.003 -20"><span class='ocrx_word' id='word_1_132' title='bbox 158 2166 266 2226; x_wconf 81' lang='lat' dir='ltr'>bellurn</span> <span class='ocrx_word' id='word_1_133' title='bbox 288 2164 502 2228; x_wconf 78' lang='lat' dir='ltr'>corinthiacum</span> <span class='ocrx_word' id='word_1_134' title='bbox 528 2178 558 2228; x_wconf 91' lang='lat' dir='ltr'>et</span> <span class='ocrx_word' id='word_1_135' title='bbox 585 2168 694 2228; x_wconf 88' lang='lat' dir='ltr'>bellom</span> <span class='ocrx_word' id='word_1_136' title='bbox 710 2166 875 2242; x_wconf 87' lang='lat' dir='ltr'>Boeotium,</span> <span class='ocrx_word' id='word_1_137' title='bbox 897 2185 954 2245; x_wconf 90' lang='lat' dir='ltr'>qno</span> <span class='ocrx_word' id='word_1_138' title='bbox 972 2167 1102 2228; x_wconf 85' lang='lat' dir='ltr'>Leuctris</span> <span class='ocrx_word' id='word_1_139' title='bbox 1119 2178 1150 2228; x_wconf 91' lang='lat' dir='ltr'>et</span> 
     </span>
     <span class='ocr_line' id='line_1_22' title="bbox 158 2248 1149 2330; baseline 0.001 -20"><span class='ocrx_word' id='word_1_140' title='bbox 158 2248 320 2310; x_wconf 80' lang='lat' dir='ltr'>llantineae</span> <span class='ocrx_word' id='word_1_141' title='bbox 343 2252 412 2309; x_wconf 82' lang='lat' dir='ltr'>victi</span> <span class='ocrx_word' id='word_1_142' title='bbox 438 2253 572 2330; x_wconf 86' lang='lat' dir='ltr'>Spartani</span> <span class='ocrx_word' id='word_1_143' title='bbox 601 2252 725 2310; x_wconf 84' lang='lat' dir='ltr'>amisere</span> <span class='ocrx_word' id='word_1_144' title='bbox 754 2250 913 2325; x_wconf 84' lang='lat' dir='ltr'>imperinm.</span> <span class='ocrx_word' id='word_1_145' title='bbox 942 2250 975 2310; x_wconf 92' lang='lat' dir='ltr'>ln</span> <span class='ocrx_word' id='word_1_146' title='bbox 996 2250 1149 2311; x_wconf 81' lang='lat' dir='ltr'>Thessalia</span> 
     </span>
    </p>
   </div>
   <div class='ocr_carea' id='block_1_9' title="bbox 61 2331 1150 2643">
    <p class='ocr_par' dir='ltr' id='par_1_9' title="bbox 61 2331 1150 2643">
     <span class='ocr_line' id='line_1_23' title="bbox 154 2331 1148 2413; baseline 0.002 -21"><span class='ocrx_word' id='word_1_147' title='bbox 154 2333 262 2392; x_wconf 80' lang='lat' dir='ltr'>&#39;deinde</span> <span class='ocrx_word' id='word_1_148' title='bbox 279 2332 392 2392; x_wconf 87' lang='lat' dir='ltr'>Iasonis</span> <span class='ocrx_word' id='word_1_149' title='bbox 414 2344 444 2394; x_wconf 91' lang='lat' dir='ltr'>et</span> <span class='ocrx_word' id='word_1_150' title='bbox 466 2344 534 2413; x_wconf 86' lang='lat' dir='ltr'>post</span> <span class='ocrx_word' id='word_1_151' title='bbox 549 2334 628 2394; x_wconf 86' lang='lat' dir='ltr'>illurn</span> <span class='ocrx_word' id='word_1_152' title='bbox 643 2332 803 2393; x_wconf 81' lang='lat' dir='ltr'>Alexandri</span> <span class='ocrx_word' id='word_1_153' title='bbox 815 2331 938 2411; x_wconf 87' lang='lat' dir='ltr'>Pheraei</span> <span class='ocrx_word' id='word_1_154' title='bbox 955 2334 1091 2394; x_wconf 86' lang='lat' dir='ltr'>coalitum</span> <span class='ocrx_word' id='word_1_155' title='bbox 1106 2344 1148 2394; x_wconf 82' lang='lat' dir='ltr'>at·</span> 
     </span>
     <span class='ocr_line' id='line_1_24' title="bbox 158 2415 1148 2495; baseline 0.005 -22"><span class='ocrx_word' id='word_1_156' title='bbox 158 2433 215 2494; x_wconf 88' lang='lat' dir='ltr'>quc</span> <span class='ocrx_word' id='word_1_157' title='bbox 239 2418 396 2475; x_wconf 88' lang='lat' dir='ltr'>extinctum</span> <span class='ocrx_word' id='word_1_158' title='bbox 414 2418 574 2495; x_wconf 82' lang='lat' dir='ltr'>imperium.</span> <span class='ocrx_word' id='word_1_159' title='bbox 617 2416 688 2476; x_wconf 87' lang='lat' dir='ltr'>Turn</span> <span class='ocrx_word' id='word_1_160' title='bbox 711 2415 823 2476; x_wconf 88' lang='lat' dir='ltr'>sociale</span> <span class='ocrx_word' id='word_1_161' title='bbox 844 2415 952 2475; x_wconf 88' lang='lat' dir='ltr'>bellurn</span> <span class='ocrx_word' id='word_1_162' title='bbox 968 2426 1082 2493; x_wconf 77' lang='lat' dir='ltr'>gestum</span> <span class='ocrx_word' id='word_1_163' title='bbox 1099 2418 1148 2478; x_wconf 92' lang='lat' dir='ltr'>ad·</span> 
     </span>
     <span class='ocr_line' id='line_1_25' title="bbox 156 2497 1150 2574; baseline 0.003 -18"><span class='ocrx_word' id='word_1_164' title='bbox 156 2516 261 2556; x_wconf 87' lang='lat' dir='ltr'>versos</span> <span class='ocrx_word' id='word_1_165' title='bbox 278 2497 473 2559; x_wconf 89' lang='lat' dir='ltr'>Athenienses</span> <span class='ocrx_word' id='word_1_166' title='bbox 488 2518 504 2560; x_wconf 92' lang='lat' dir='ltr'>a</span> <span class='ocrx_word' id='word_1_167' title='bbox 521 2498 601 2561; x_wconf 83' lang='lat' dir='ltr'>Chiis</span> <span class='ocrx_word' id='word_1_168' title='bbox 617 2498 783 2560; x_wconf 80' lang='lat' dir='ltr'>etlihodiis</span> <span class='ocrx_word' id='word_1_169' title='bbox 802 2507 831 2557; x_wconf 91' lang='lat' dir='ltr'>et</span> <span class='ocrx_word' id='word_1_170' title='bbox 845 2498 1001 2574; x_wconf 76' lang='lat' dir='ltr'>Byzantiis:</span> <span class='ocrx_word' id='word_1_171' title='bbox 1031 2500 1150 2560; x_wconf 59' lang='lat' dir='ltr'>Transi-⁴</span> 
     </span>
     <span class='ocr_line' id='line_1_26' title="bbox 61 2580 628 2643; baseline 0.005 -5"><span class='ocrx_word' id='word_1_172' title='bbox 61 2593 64 2598; x_wconf 77' lang='grc'>’</span> <span class='ocrx_word' id='word_1_173' title='bbox 141 2585 203 2639; x_wconf 85' lang='lat' dir='ltr'>&#39;tus</span> <span class='ocrx_word' id='word_1_174' title='bbox 219 2580 286 2640; x_wconf 90' lang='lat' dir='ltr'>hinc</span> <span class='ocrx_word' id='word_1_175' title='bbox 301 2581 395 2641; x_wconf 89' lang='lat' dir='ltr'>adres</span> <span class='ocrx_word' id='word_1_176' title='bbox 411 2581 628 2643; x_wconf 83' lang='lat' dir='ltr'>Macedonicas.</span> 
     </span>
    </p>
   </div>
   <div class='ocr_carea' id='block_1_10' title="bbox 470 2709 841 2776">
    <p class='ocr_par' dir='ltr' id='par_1_10' title="bbox 470 2709 841 2776">
     <span class='ocr_line' id='line_1_27' title="bbox 470 2709 841 2776; baseline -0.003 -2"><span class='ocrx_word' id='word_1_177' title='bbox 470 2728 655 2776; x_wconf 80' lang='lat' dir='ltr'>Pnonoous</span> <span class='ocrx_word' id='word_1_178' title='bbox 671 2729 766 2776; x_wconf 79' lang='lat' dir='ltr'>mom</span> <span class='ocrx_word' id='word_1_179' title='bbox 781 2709 841 2775; x_wconf 68' lang='lat' dir='ltr'>nn.</span> 
     </span>
    </p>
   </div>
   <div class='ocr_carea' id='block_1_11' title="bbox 155 2826 1146 3156">
    <p class='ocr_par' dir='ltr' id='par_1_11' title="bbox 155 2826 1146 3156">
     <span class='ocr_line' id='line_1_28' title="bbox 220 2826 1146 2905; baseline 0.002 -18"><span class='ocrx_word' id='word_1_180' title='bbox 220 2827 351 2905; x_wconf 82' lang='lat' dir='ltr'>Septimo</span> <span class='ocrx_word' id='word_1_181' title='bbox 373 2828 519 2887; x_wconf 82' lang='lat' dir='ltr'>volumine</span> <span class='ocrx_word' id='word_1_182' title='bbox 535 2829 715 2888; x_wconf 83' lang='lat' dir='ltr'>continentur</span> <span class='ocrx_word' id='word_1_183' title='bbox 730 2829 859 2905; x_wconf 79' lang='lat' dir='ltr'>origines</span> <span class='ocrx_word' id='word_1_184' title='bbox 875 2826 1084 2889; x_wconf 79' lang='lat' dir='ltr'>Macedonicae</span> <span class='ocrx_word' id='word_1_185' title='bbox 1100 2847 1146 2889; x_wconf 88' lang='lat' dir='ltr'>re-</span> 
     </span>
     <span class='ocr_line' id='line_1_29' title="bbox 156 2909 1146 2990; baseline 0.001 -22"><span class='ocrx_word' id='word_1_186' title='bbox 156 2926 269 2987; x_wconf 80' lang='lat' dir='ltr'>gesque</span> <span class='ocrx_word' id='word_1_187' title='bbox 278 2928 301 2970; x_wconf 92' lang='lat' dir='ltr'>·a</span> <span class='ocrx_word' id='word_1_188' title='bbox 317 2910 470 2971; x_wconf 89' lang='lat' dir='ltr'>conditore</span> <span class='ocrx_word' id='word_1_189' title='bbox 489 2912 585 2988; x_wconf 80' lang='lat' dir='ltr'>gentis</span> <span class='ocrx_word' id='word_1_190' title='bbox 599 2909 713 2971; x_wconf 79' lang='lat' dir='ltr'>Carano</span> <span class='ocrx_word' id='word_1_191' title='bbox 727 2930 820 2990; x_wconf 85' lang='lat' dir='ltr'>usque</span> <span class='ocrx_word' id='word_1_192' title='bbox 834 2911 871 2971; x_wconf 88' lang='lat' dir='ltr'>ad</span> <span class='ocrx_word' id='word_1_193' title='bbox 885 2929 1017 2989; x_wconf 77' lang='lat' dir='ltr'>magonia</span> <span class='ocrx_word' id='word_1_194' title='bbox 1032 2912 1146 2990; x_wconf 89' lang='lat' dir='ltr'>Philip·</span> 
     </span>
     <span class='ocr_line' id='line_1_30' title="bbox 155 2993 1145 3074; baseline 0.006 -24"><span class='ocrx_word' id='word_1_195' title='bbox 155 3009 238 3070; x_wconf 82' lang='lat' dir='ltr'>pum:</span> <span class='ocrx_word' id='word_1_196' title='bbox 254 2994 346 3071; x_wconf 81' lang='lat' dir='ltr'>ipsius</span> <span class='ocrx_word' id='word_1_197' title='bbox 358 2993 483 3072; x_wconf 83' lang='lat' dir='ltr'>Philippi</span> <span class='ocrx_word' id='word_1_198' title='bbox 500 3012 549 3053; x_wconf 86' lang='lat' dir='ltr'>res</span> <span class='ocrx_word' id='word_1_199' title='bbox 566 3004 670 3071; x_wconf 80' lang='lat' dir='ltr'>gestae</span> <span class='ocrx_word' id='word_1_200' title='bbox 687 3013 780 3074; x_wconf 88' lang='lat' dir='ltr'>usque</span> <span class='ocrx_word' id='word_1_201' title='bbox 796 2995 831 3054; x_wconf 95' lang='lat' dir='ltr'>ad</span> <span class='ocrx_word' id='word_1_202' title='bbox 845 3004 959 3072; x_wconf 87' lang='lat' dir='ltr'>captam</span> <span class='ocrx_word' id='word_1_203' title='bbox 971 2996 1074 3056; x_wconf 83' lang='lat' dir='ltr'>urbem</span> <span class='ocrx_word' id='word_1_204' title='bbox 1085 2994 1145 3056; x_wconf 67' lang='lat' dir='ltr'>hle</span> 
     </span>
     <span class='ocr_line' id='line_1_31' title="bbox 155 3073 1145 3156; baseline 0.005 -23"><span class='ocrx_word' id='word_1_205' title='bbox 155 3073 274 3156; x_wconf 78' lang='lat' dir='ltr'>thanen.</span> <span class='ocrx_word' id='word_1_206' title='bbox 298 3076 423 3137; x_wconf 89' lang='lat' dir='ltr'>Additae</span> <span class='ocrx_word' id='word_1_207' title='bbox 435 3078 464 3137; x_wconf 91' lang='lat' dir='ltr'>in</span> <span class='ocrx_word' id='word_1_208' title='bbox 482 3095 607 3137; x_wconf 86' lang='lat' dir='ltr'>excessu</span> <span class='ocrx_word' id='word_1_209' title='bbox 623 3077 786 3153; x_wconf 74' lang='lat' dir='ltr'>lllyriorum</span> <span class='ocrx_word' id='word_1_210' title='bbox 800 3087 829 3136; x_wconf 87' lang='lat' dir='ltr'>et</span> <span class='ocrx_word' id='word_1_211' title='bbox 841 3077 985 3138; x_wconf 86' lang='lat' dir='ltr'>Paeonum</span> <span class='ocrx_word' id='word_1_212' title='bbox 1005 3080 1145 3155; x_wconf 75' lang='lat' dir='ltr'>origines.</span> 
     </span>
    </p>
   </div>
   <div class='ocr_carea' id='block_1_12' title="bbox 456 3199 840 3274">
    <p class='ocr_par' dir='ltr' id='par_1_12' title="bbox 456 3199 840 3274">
     <span class='ocr_line' id='line_1_32' title="bbox 456 3199 840 3274; baseline 0.01 -4"><span class='ocrx_word' id='word_1_213' title='bbox 456 3199 639 3271; x_wconf 73' lang='lat' dir='ltr'>naononus</span> <span class='ocrx_word' id='word_1_214' title='bbox 654 3204 751 3273; x_wconf 73' lang='lat' dir='ltr'>dunin</span> <span class='ocrx_word' id='word_1_215' title='bbox 766 3227 840 3274; x_wconf 84' lang='lat' dir='ltr'>vnn.</span> 
     </span>
    </p>
   </div>
   <div class='ocr_carea' id='block_1_13' title="bbox 154 3298 1145 3486">
    <p class='ocr_par' dir='ltr' id='par_1_13' title="bbox 154 3298 1145 3486">
     <span class='ocr_line' id='line_1_33' title="bbox 220 3298 1145 3402; baseline 0.002 -24"><span class='ocrx_word' id='word_1_216' title='bbox 220 3318 333 3380; x_wconf 79' lang='lat' dir='ltr'>Octavo</span> <span class='ocrx_word' id='word_1_217' title='bbox 345 3307 500 3381; x_wconf 81' lang='lat' dir='ltr'>¹uolumina</span> <span class='ocrx_word' id='word_1_218' title='bbox 520 3309 702 3383; x_wconf 87' lang='lat' dir='ltr'>continentur</span> <span class='ocrx_word' id='word_1_219' title='bbox 724 3342 773 3383; x_wconf 87' lang='lat' dir='ltr'>res</span> <span class='ocrx_word' id='word_1_220' title='bbox 791 3334 895 3401; x_wconf 78' lang='lat' dir='ltr'>gestae</span> <span class='ocrx_word' id='word_1_221' title='bbox 909 3298 1038 3402; x_wconf 80' lang='lat' dir='ltr'>Philippi</span> <span class='ocrx_word' id='word_1_222' title='bbox 1048 3323 1145 3398; x_wconf 80' lang='lat' dir='ltr'>magni</span> 
     </span>
     <span class='ocr_line' id='line_1_34' title="bbox 154 3402 1144 3486; baseline 0.005 -27"><span class='ocrx_word' id='word_1_223' title='bbox 154 3411 224 3476; x_wconf 78' lang='lat' dir='ltr'>post</span> <span class='ocrx_word' id='word_1_224' title='bbox 246 3411 359 3479; x_wconf 79' lang='lat' dir='ltr'>captans</span> <span class='ocrx_word' id='word_1_225' title='bbox 379 3402 481 3462; x_wconf 87' lang='lat' dir='ltr'>urbem</span> <span class='ocrx_word' id='word_1_226' title='bbox 496 3403 671 3482; x_wconf 76' lang='lat' dir='ltr'>Mothonen,</span> <span class='ocrx_word' id='word_1_227' title='bbox 694 3424 709 3465; x_wconf 99' lang='lat' dir='ltr'>a</span> <span class='ocrx_word' id='word_1_228' title='bbox 728 3408 861 3486; x_wconf 85' lang='lat' dir='ltr'>principa</span> <span class='ocrx_word' id='word_1_229' title='bbox 884 3406 956 3467; x_wconf 79' lang='lat' dir='ltr'>belli</span> <span class='ocrx_word' id='word_1_230' title='bbox 973 3405 1144 3482; x_wconf 84' lang='lat' dir='ltr'>Phocensis,</span> 
     </span>
    </p>
   </div>
   <div class='ocr_carea' id='block_1_14' title="bbox 0 0 1226 3975">
    <p class='ocr_par' dir='ltr' id='par_1_14' title="bbox 0 0 1226 3975">
     <span class='ocr_line' id='line_1_35' title="bbox 0 0 1226 3975; baseline 0 2"><span class='ocrx_word' id='word_1_231' title='bbox 0 0 1226 3975; x_wconf 95' lang='lat' dir='ltr'> </span> 
     </span>
    </p>
   </div>
  </div>
 </body>
</html>
