2442 3975
156 224 197 284 ta
532 236 785 286 anacreontem
1032 229 1158 286 xta-o

115 388 298 464 lovenisset,
319 390 416 464 iugum
436 389 557 467 plaustri
576 390 742 467 requisivit:
758 388 961 469 qno'cxlribito
978 407 1043 451 cum
1057 393 1154 468 capita

157 473 380 531 loramentorum
402 473 476 531 intra
496 474 590 533 nodos
614 472 785 533 abscondita
807 466 940 550 reperirc'
959 489 1016 531 non
1037 483 1153 551 posset,

156 554 312 614 violentius
332 554 453 615 oraculo
478 573 547 614 usus
573 555 673 631 gladio
696 555 855 615 iuramenta
878 555 973 614 caedit
1001 564 1087 633 atque
1112 558 1153 617 ita

136 636 141 644 '
156 637 293 697 resolutis
309 637 432 696 nexibus
450 638 568 697 latentia
583 639 612 695 in
627 638 710 697 nodis
727 640 822 717 capita
837 639 955 699 invenit.

130 734 145 783 1
220 719 248 780 8.
271 719 352 779 llaec
366 719 408 784 illi
427 721 524 797 agenti
544 721 687 780 nuntiatur
702 720 828 780 Dareum
849 739 913 780 cum
935 720 1044 798 ingenti
1065 737 1151 779 exer-

126 804 212 864 tcitu
237 803 404 863 adventare.
444 802 544 880 ltaque
570 804 673 862 timens
696 806 843 880 angustias
868 821 972 880 magna
998 802 1152 862 celeritate

155 886 279 946 'laurum
305 885 498 959 transcendit,
525 887 633 963 inqua
664 887 848 945 festinatione
875 889 1038 963 quingenta¹
1059 885 1151 944 stadia

129 980 245 1033 acursu
266 968 345 1027 fecit.
383 966 454 1027 Cum
480 967 600 1028 'lausum
624 970 769 1043 venisset,
797 978 899 1046 captus
917 966 1009 1042 Gydni
1028 967 1152 1026 dominis

154 1051 328 1111 amoenitate
355 1068 409 1128 per
434 1052 557 1111 mediam
593 1050 694 1109 urbem
722 1051 866 1110 induentis
898 1051 1038 1128 proiectis
1064 1050 1152 1109 armis

155 1134 259 1210 plenus
272 1134 403 1210 pulveris
414 1150 450 1197 uc
461 1134 575 1192 sudoris
591 1134 619 1191 in
632 1133 836 1210 praefrigidum
847 1133 950 1193 undam
963 1151 997 1191 se
1009 1133 1151 1209 proiecit:

126 1225 213 1279 utum
234 1224 356 1292 repente
377 1224 471 1274 tantus
492 1232 599 1275 nervos
620 1216 683 1274 eius
705 1217 860 1293 occupavit
880 1216 979 1292 rigor,
1007 1224 1037 1272 ut
1061 1215 1152 1274 iuter·

142 1298 237 1356 sclusa
254 1313 329 1355 voce
345 1312 403 1355 nou
417 1314 488 1373 spes
503 1297 589 1355 modo
606 1297 743 1372 remedii,
764 1298 818 1356 sed
838 1314 894 1355 nec
910 1296 1010 1357 dilatio
1027 1297 1152 1373 periculi

127 1379 338 1442 tinveuisetnr.
376 1377 455 1436 Unus
478 1387 542 1437 erat
562 1395 600 1436 en
621 1379 757 1453 medicis,
777 1380 891 1437 nomine
912 1378 1078 1456 Philippus,
1102 1381 1151 1458 qui

154 1461 235 1520 solus
250 1459 406 1519 remedium
422 1459 590 1537 pollicetur;
613 1462 667 1521 sed
690 1470 719 1520 et
735 1462 828 1539 ipsum
843 1461 1039 1521 Parmenionis
1055 1463 1150 1540 pridie

126 1553 171 1608 6a
196 1542 382 1621 Cappadocia
412 1543 687 1621 missac'epistulac
715 1553 883 1622 suspectum
908 1544 1071 1619 icciebant,
1100 1546 1150 1622 qui

154 1629 272 1704 ignarus
287 1626 456 1686 infirmitatis
472 1626 633 1686 Alexandri
654 1628 829 1705 scripserat,
853 1646 869 1687 a
885 1627 1019 1706 Philippo
1035 1627 1148 1686 medico

156 1717 289 1768 caveret:
305 1726 369 1767 nam
384 1718 550 1786 corruptum
565 1710 644 1770 illum
659 1728 675 1770 a
692 1709 789 1770 Dareo
807 1711 915 1787 ingenti
931 1712 1053 1788 pecunia
1070 1728 1147 1769 esse.

127 1791 257 1855 liutius
271 1800 365 1850 tamen
386 1800 469 1855 ratus,
481 1792 586 1853 dubiae
606 1811 640 1851 se
657 1792 724 1852 lidei
739 1793 844 1853 medici
866 1795 990 1854 credere
1007 1811 1091 1871 quam
1107 1793 1148 1851 in·

125 1874 284 1937 8dultitatc
309 1874 412 1933 morbo
441 1876 556 1952 periret
595 1875 730 1953 Accepto
756 1877 842 1953 igitur
869 1876 977 1953 poculo
1008 1875 1149 1953 epistulas

153 1957 268 2017 medico
290 1958 406 2018 tradidit
426 1967 513 2036 atque
533 1959 571 2018 ita
598 1960 673 2020 inter
691 1958 847 2020 bibendum
867 1958 970 2022 oculos
991 1958 1020 2017 iu
1040 1957 1149 2017 vultum

126 2040 282 2117 9legentis
298 2042 426 2100 intendit.
457 2041 496 2101 Ut
514 2059 649 2101 securum
670 2043 839 2121 conspexit,
860 2041 965 2101 laetior
987 2040 1082 2099 fuctus
1102 2049 1149 2099 est

155 2125 362 2201 sanitatemque
378 2133 478 2202 quarta
493 2125 539 2183 die
554 2127 678 2202 recepit.

126 2218 141 2268 1
209 2207 238 2266 9.
259 2206 374 2265 Interea
387 2205 501 2266 Dareus
517 2224 581 2267 cum
593 2204 693 2267 CCCC
710 2208 824 2267 milibus
840 2206 968 2285 peditum
984 2223 1019 2266 ac
1037 2214 1148 2266 centum

125 2287 269 2348 nmilihus
285 2290 411 2366 equitum
427 2290 455 2348 in
472 2290 564 2349 aciem
579 2290 724 2368 procedit.
756 2288 893 2360 diovelrat
907 2290 981 2349 haec
997 2285 1147 2348 multitudo

154 2370 283 2429 hostiur»
293 2381 430 2448 respectu
446 2373 598 2450 paucitatis
614 2390 686 2434 suae
704 2372 917 2432 Alexandrum:
940 2372 993 2431 scd
1008 2371 1148 2431 interdum

153 2452 323 2530 reputabat,
343 2464 461 2531 quantas
477 2473 526 2514 res
541 2473 606 2515 enm
623 2456 678 2516 ista
692 2455 839 2534 paucitate
854 2455 999 2531 gessisset
1013 2462 1147 2531 quantos·

126 2546 212 2613 oque
235 2536 360 2613 populos
386 2537 520 2610 iudisset.¹
563 2538 665 2617 ltaque
691 2555 754 2598 cum
781 2555 852 2615 spes
877 2538 1147 2616 metumlvinceret,

153 2617 356 2695 periculosius
369 2619 487 2679 differre
507 2620 616 2680 bellum
636 2631 730 2696 ratus,
752 2637 789 2679 ue
807 2619 976 2698 desperatio
994 2620 1054 2679 suis
1070 2636 1148 2679 cres·

154 2709 253 2776 cerel,
282 2702 494 2761 circumuectus
520 2720 591 2766 suos
611 2703 741 2781 singalas
760 2711 865 2779 gentes
886 2703 1001 2763 diversa
1017 2702 1149 2762 oratione

123 2783 332 2861 4adloquitur:
361 2783 478 2860 Illyrios
499 2795 529 2845 et
544 2785 680 2846 Thracas·
688 2803 774 2864 opum
795 2804 830 2846 ac
844 2787 1006 2847 divitiarum
1022 2792 1148 2845 ostenta·

152 2867 248 2940 tione,
276 2866 406 2926 Graecos
433 2877 564 2928 veterum
588 2869 732 2929 bellorum
755 2870 894 2929 memoria
919 2869 1149 2946 internecivique

126 2961 220 3012 ccum
236 2948 333 3008 Persis
346 2948 404 3009 odii
418 2951 614 3018 accendebat;
630 2951 807 3012 Macedonas
819 2962 914 3012 autem
925 2968 999 3010 nuuc
1012 2950 1149 3027 Europae

153 3033 248 3092 uictae
264 3033 414 3108 admonet,
433 3051 508 3094 nunc
519 3035 608 3095 Asiae
622 3038 786 3113 expetitam
802 3035 1006 3094 necinventus
1018 3031 1076 3091 illis
1086 3041 1149 3091 toto

126 3115 227 3178 torbe
244 3133 345 3193 ‚paras¹
359 3117 437 3177 viros
458 3117 615 3194 gloriatur:
641 3127 769 3178 ceterum
785 3127 814 3176 et
827 3116 957 3176 laborum
974 3115 1060 3174 linem
1074 3115 1151 3176 hunc

127 3206 186 3260 let
199 3197 312 3274 gloriae
332 3199 473 3259 cumulum
488 3201 563 3260 iore.
597 3200 695 3279 Atque
719 3203 793 3260 iuter
809 3200 884 3260 hacc
906 3198 1062 3258 identidem
1081 3214 1149 3257 con·

154 3281 258 3340 sistere
273 3282 365 3341 aciem
379 3282 474 3358 iubet,
498 3293 527 3342 ut
541 3283 596 3344 hac
613 3300 694 3344 mora
712 3291 906 3343 consuescant
922 3278 1017 3344 oculis
1038 3280 1150 3341 turbam

124 3361 279 3426 8ltostium
294 3366 447 3424 sustinere.
473 3365 536 3425 Nec
550 3366 640 3426 Darei
653 3369 753 3443 segnis
768 3383 860 3444 opera
875 3368 903 3425 iu
918 3364 1075 3426 ordinanda
1086 3364 1150 3423 acie

151 3444 222 3503 luit:
250 3447 362 3523 quippe·
385 3448 500 3507 omissis
525 3448 629 3508 dueum
651 3448 757 3508 ciliciis
783 3450 847 3527 ipsc
869 3450 963 3508 omnia
985 3446 1149 3523 circumire,
