2442 3975
63 195 66 204 '
136 199 197 261 104
325 171 329 176 ⁴
495 205 748 255 uaoauaouaal
822 167 824 170 V
900 164 907 176 ⁶
1010 199 1128 254 xvaa

131 362 267 423 auxilium
291 360 369 420 ierne
385 361 459 420 alter
475 359 560 420 alteri
575 360 694 435 volunt,
718 363 799 438 quasi
814 362 937 421 victoria
949 363 1049 435 unius,
1071 378 1129 421 non

73 459 124 514 ,16
136 447 257 506 omnium
267 444 360 503 ioret:
374 461 430 521 per
443 442 582 521 epistulas
600 462 634 502 se
650 445 773 504 inuicem
789 445 993 505 confirmantes
1008 454 1128 523 tempus,

131 530 228 590 locum
254 528 379 587 coeundi
410 527 565 593 condicunt
591 527 758 604 bellumque
794 529 992 588 communibus
1022 527 1127 586 uiribus

88 622 122 678 17
134 614 284 672 instruunt.
331 608 383 670 Cui
407 628 470 669 cnm
488 609 654 671 Cassander
673 612 817 670 interesse
837 622 961 690 propter
987 612 1129 673 finitimum

130 696 240 755 bellum
268 713 325 754 non
348 704 470 771 posset,
496 694 695 768 Lysimachum
717 712 781 754 cum
802 695 967 772 ingentibus
990 696 1079 772 copiis
1099 696 1129 753 in

129 778 265 839 auxilium
280 779 368 837 sociis
384 779 477 837 mittit.
1113 773 1116 778 ’

101 875 117 926 1
194 863 223 924 3,
245 861 316 921 Erat
333 861 381 920 hro
394 861 581 935 Lysimachus
596 861 708 919 inlustri
723 860 839 959 quidem
855 862 1042 922 Macedoniae
1059 862 1127 921 loeo

129 955 229 1021 natus
253 945 307 1008 sed
333 946 448 1003 virtutis
479 944 688 1042 experimentis
714 945 791 1002 omni
824 943 976 1005 nobilitate
1007 946 1127 1011 clarior;

101 1039 205 1127 aquae
226 1037 305 1088 tanta
329 1027 515 1105 1111111111,
541 1037 571 1086 ut
593 1029 677 1086 animi
700 1028 895 1126 magnitudine
917 1019 1130 1112 philosophiam

129 1112 222 1190 ipsam
237 1113 398 1210 viriumque
412 1112 507 1187 gloria
522 1128 639 1185 omnes,
662 1127 717 1187 per
734 1127 808 1188 quos
825 1114 923 1170 oriens
935 1108 1059 1171 domitus
1072 1120 1128 1187 est,

101 1196 249 1262 avicerit:
271 1196 378 1273 quippe
402 1212 466 1253 cum
488 1194 658 1253 Alexander
679 1210 799 1270 magnus
817 1192 1015 1254 Callisthenen
1035 1192 1128 1272 philo·

131 1278 254 1356 sophum
277 1286 398 1354 propter
420 1277 599 1337 salutationis
620 1276 758 1336 Persicae
785 1276 1041 1354 interpellatum
1020 1295 1131 1338 morem

130 1360 308 1436 insidiarum,
332 1377 406 1437 quae
421 1358 476 1420 sibi
487 1369 606 1438 paratae
619 1359 750 1435 fuerant,
768 1362 915 1429 conscium
934 1361 1025 1422 inisse
1040 1364 1130 1421 iratus

102 1445 262 1507 tinxisset
298 1461 421 1521 eumque
457 1444 596 1503 truncatis
638 1442 795 1503 crudeliter
826 1443 958 1504 omnibus
994 1444 1129 1504 membris

131 1526 315 1609 abscisisque
336 1525 452 1586 auribus
475 1544 510 1586 ac
528 1543 600 1586 naso
617 1525 761 1604 labiisque
783 1528 915 1587 deforme
942 1546 976 1587 ac
993 1530 1129 1588 miseran·

102 1612 196 1676 5dum
223 1609 422 1690 spectaculum
448 1610 643 1686 reddidisset,
673 1611 792 1689 insuper
812 1612 842 1670 in
863 1629 954 1671 cavea
971 1629 1034 1670 cum
1057 1628 1128 1671 cane

100 1695 258 1759 bclausnm
269 1696 306 1755 ad
320 1704 426 1755 metum
441 1702 606 1755 ceterorum
619 1693 834 1754 circumferret:
851 1703 920 1754 tunc
930 1694 1129 1769 Lysimachus,

130 1777 230 1838 audire
259 1777 459 1838 Callisthenen
487 1787 518 1838 et
543 1787 704 1858 praecepta
730 1776 766 1836 ab
798 1796 834 1837 eo
860 1779 972 1837 virtutis
992 1779 1129 1856 accipere

130 1860 250 1937 solitus,
274 1863 427 1921 miseratus
448 1864 518 1922 tanti
533 1865 587 1922 viri
608 1877 667 1922 non
682 1860 880 1939 culpae„sed
901 1860 1042 1921 libertatis
1058 1877 1129 1938 poe·

129 1962 182 2005 nas
205 1944 374 2025 pendentis,
402 1963 544 2007 venenum
569 1949 596 2007 ei
618 1947 647 2006 in
668 1945 797 2007 remedia
820 1940 1019 2004 calamitatium
1040 1943 1129 2005 dedit.

100 2028 214 2101 tssuod
230 2029 304 2088 adeo
319 2028 489 2090 Alexander
508 2048 598 2108 aegre
615 2031 695 2107 tulit,
720 2040 749 2090 ut
765 2046 828 2091 enm
846 2026 923 2087 obici
942 2026 1129 2087 ferocissimo

100 2112 207 2172 Bleoni
225 2112 348 2173 iuberet.
393 2113 453 2173 Sed
473 2132 537 2172 cum
554 2114 589 2175 ad
606 2123 796 2192 conspectum
816 2114 879 2173 eius
902 2110 1063 2171 concitatus
1079 2110 1130 2170 leo
1163 2140 1166 2147 ·

129 2196 266 2274 impetum
281 2197 409 2272 iecisset,
422 2214 534 2257 manum
546 2198 670 2257 amiculo
684 2198 841 2257 involutam
852 2196 1038 2271 Lysimachus
1054 2196 1083 2254 in
1095 2210 1130 2254 os

101 2279 224 2346 aleonis
244 2281 375 2339 inmersit
389 2278 570 2359 abreptaque
591 2281 689 2358 lingua
709 2281 800 2340 ieram
817 2281 998 2340 exanimavit.
1044 2277 1130 2351 Quod

131 2380 195 2422 cum
209 2366 365 2422 nuntiatum
381 2366 446 2440 regi
458 2374 553 2440 esset,
575 2364 725 2424 admiratio
740 2365 768 2422 in
784 2363 1013 2423 satisfactionem
1028 2363 1127 2435 cessit,

130 2445 332 2522 carioremque
355 2463 419 2505 eum
435 2457 557 2525 propter
575 2449 763 2507 constantiam
780 2455 877 2505 tantae
890 2446 1004 2505 virtutis
1020 2444 1127 2505 habuit.

87 2540 122 2592 10
134 2526 321 2602 Lysimachus
338 2546 455 2608 quoque
480 2547 585 2607 magno
600 2531 693 2590 animo
709 2531 788 2606 regis
803 2528 894 2588 veluti
909 2528 1038 2607 parentis
1061 2545 1128 2587 corr-

87 2621 120 2675 11
134 2610 279 2671 tumeliam
296 2612 369 2672 tulit
400 2611 535 2691 Denique
556 2617 632 2672 omni
646 2613 792 2672 exanimo
807 2611 892 2671 huius
906 2613 977 2673 iacti
991 2612 1129 2672 memoria
1175 2640 1179 2649 ·

130 2692 283 2755 exturbata
311 2704 378 2772 post
405 2695 434 2753 in
460 2695 541 2756 ludia
565 2696 719 2756 insectanti
744 2695 808 2772 regi
833 2695 973 2772 quosdam
995 2695 1129 2773 palantes

127 2776 247 2853 hostes,
260 2794 353 2837 cuma
368 2778 525 2838 satellitum
538 2778 623 2839 turba
636 2797 702 2858 equr
695 2777 867 2838 celeritate
884 2779 1018 2860 desertus
1037 2784 1128 2849 esset,

129 2860 211 2920 solus
237 2861 264 2918 ei
287 2870 342 2938 per
365 2863 509 2922 inrnensas
516 2862 697 2933 harenarum
716 2857 810 2922 moles
827 2879 929 2921 cursus
945 2878 1044 2920 comes
1066 2860 1128 2919 init.

85 2953 121 3007 la
133 2942 219 3015 Quod
240 2943 318 3003 idem
334 2952 400 3004 ante
416 2921 584 3043 Philippus,
606 2946 698 3005 irater
714 2947 794 3021 eius,
819 2963 883 3005 cum
904 2945 1005 3003 iacere
1019 2943 1129 3001 voluis·

68 3034 195 3102 ¹lasat
218 3026 412 3086 intermunus
440 3030 520 3105 regis
542 3030 737 3109 expiraverat
783 3028 841 3087 Sed
859 3024 1057 3101 Lysimachum
1078 3023 1128 3082 de-

129 3069 229 3168 silie’ns
244 3127 321 3187 equo
339 3109 508 3171 Alexander
523 3112 624 3173 hastae
642 3112 763 3189 cuspide
784 3112 823 3170 ita
839 3112 868 3169 in
883 3110 978 3169 ironte
997 3108 1128 3167 vulnera·

129 3193 181 3270 vit,
188 3201 220 3251 ut
233 3194 350 3269 sanguis
364 3195 450 3254 aliter
462 3195 538 3255 cludi
546 3213 604 3255 non
618 3204 813 3273 possetquam
830 3198 917 3267 [cum]
926 3191 1058 3252 diadema
1074 3189 1128 3250 sibi

129 3273 277 3352 demptum
293 3294 348 3335 rex
363 3276 501 3376 alligandi
517 3279 645 3337 vulneris
663 3295 750 3338 causa
766 3279 853 3355 capiti
875 3279 938 3337 eius
959 3274 1128 3354 inponebat.

86 3364 122 3417 14
133 3354 218 3427 Quod
241 3358 401 3435 auspicium
423 3362 544 3437 primum
564 3361 674 3437 regalis
695 3361 853 3420 maiestatis
873 3359 1045 3434 lysimacho
1066 3357 1128 3418 iuit.

87 3446 122 3498 15
133 3436 194 3495 Sed
214 3445 244 3496 et
267 3450 335 3516 post
351 3439 511 3503 Alexandri
526 3453 666 3519 mortem,
689 3460 753 3501 cum
767 3443 842 3502 inter
857 3460 1050 3503 successores
1065 3441 1130 3500 eius
