2442 3975
137 186 199 251 108
517 201 768 251 renarroursr
1004 195 1134 252 xmae

106 354 301 421 6Demetrins
319 371 435 433 quoqne
453 363 527 415 atot
543 356 720 416 exercitibus
737 358 965 433 circumventus,
983 375 1046 417 cum
1063 377 1132 437 pos·

136 447 181 498 set
197 440 318 497 honeste
333 440 420 512 mori,
443 441 565 518 turpiter
580 457 613 497 se
629 439 737 498 dedere
753 439 880 498 Seleuco
895 441 1003 499 maluit.
1068 469 1070 474 >

105 529 122 584 t
196 520 289 580 Finito
304 520 384 581 bello
399 521 582 581 Ptolemaeus
598 539 662 580 cum
675 540 777 598 magna
794 532 1050 611 rerumgestarum
1066 526 1131 601 glo·

134 605 177 663 ria
191 605 320 663 moritur
353 604 381 663 ls
400 607 522 663 contra
513 623 558 664 rus
575 597 701 703 gentium
716 607 830 664 minimo
846 603 912 665 natu'
931 625 969 665 ex
985 607 1050 667 liliis
1064 618 1132 669 ante

135 685 325 746 infirmitatem
341 704 461 771 regnum
481 687 638 747 tradiderat
658 690 779 765 eiusque
802 691 845 747 rei
863 690 974 767 populo
990 692 1130 751 rationem

108 769 315 846 8reddiderat,
339 773 419 829 coins
437 788 493 831 non
510 773 602 829 minor
621 770 729 831 lavor
719 790 749 830 ιιι
764 772 939 849 accipiendo
948 789 1031 849 quam
1040 777 1136 851 patris·

106 854 164 914 iliu
181 852 320 912 tradendo
335 870 426 928 regno
442 854 545 913 iuerat.
588 852 668 912 lnter
684 862 783 913 cetera
799 856 889 932 patris
906 863 935 914 et
950 854 1000 913 lilii
1015 866 1130 917 mutuas

117 937 249 1011 pietatis
273 937 406 1014 exempla
433 938 517 996 etiam
539 955 572 996 ea
595 954 645 995 res
668 954 796 996 amorem
818 938 949 1014 populi'
941 941 1037 997 iuveni
1060 956 1128 998 con-

134 1018 299 1096 ciliaverat,
321 1019 399 1096 qnod
412 1029 495 1098 pater
507 1036 599 1095 regno
618 1019 737 1097 publice
755 1022 782 1079 ei
799 1020 904 1079 tradito
920 1022 1048 1099 priuatus
1064 1022 1129 1081 oili·

134 1102 208 1159 cium
230 1104 294 1177 regi
315 1104 389 1161 inter
412 1102 555 1163 satellites
576 1100 689 1162 iecerat
711 1104 845 1179 omnique
866 1120 958 1208 regno
980 1104 1128 1181 pulchrius

131 1186 213 1259 regis
229 1203 296 1243 esse
312 1194 423 1262 patrem
439 1186 571 1245 duxerat

105 1276 122 1326 1
199 1266 227 1325 3
250 1266 308 1325 Sed
327 1269 401 1326 mter
412 1266 610 1342 Lysimachum
627 1278 656 1328 et
676 1266 796 1343 Pyrrum
817 1286 927 1345 regem,
944 1271 1043 1329 socios
1059 1287 1128 1347 pan·

133 1348 163 1406 lo
184 1357 265 1424 ante,
285 1349 456 1409 adsiduum
448 1359 522 1409 rnter
536 1368 623 1428 pares
640 1351 804 1410 discordiae
822 1352 926 1411 malum
942 1352 1051 1413 bellum
1066 1369 1129 1411 mc·

105 1432 227 1492 tuerat?
266 1431 367 1491 Victor
396 1432 583 1508 Lysimachus
619 1433 705 1509 pulso
732 1430 825 1506 Pyrro
852 1433 1052 1496 Macedoniam
1075 1453 1128 1494 oc-

105 1523 302 1590 3cupaverat.
347 1513 415 1575 lnde
436 1516 576 1576 Thraciae
600 1534 635 1575 ac
662 1516 802 1594 deinceps
830 1516 995 1578 Heracleae
1020 1518 1128 1578 bellum

133 1597 283 1671 intulerat,
306 1599 387 1657 cuius
407 1599 487 1658 urbis
508 1608 537 1658 et
555 1595 634 1659 thiria
657 1609 686 1659 et
708 1601 805 1658 exitus
822 1599 1008 1662 admirabiles
1027 1601 1126 1661 inere:

103 1680 241 1757 equippe
261 1679 392 1741 Boeotiis
414 1682 578 1759 pestilentia
607 1681 806 1742 laborantibus
828 1683 977 1743 oraculum
1003 1683 1128 1760 Delphis

109 1762 346 1840 responderat,
376 1765 520 1825 coloniam
549 1767 577 1823 in
606 1765 690 1824 Ponti
716 1767 838 1841 regione
869 1783 981 1826 sacram
1008 1765 1128 1826 Herculi

78 1843 301 1926 ,scondere'nt
353 1845 424 1906 Cum
447 1858 569 1926 propter
596 1857 703 1907 metum
738 1847 845 1925 longae
875 1866 910 1907 ac
940 1850 1127 1927 periculosae

131 1929 323 2005 navigationis
364 1939 484 1991 mortem
518 1933 546 1990 in
590 1934 683 2009 patria
717 1931 850 1990 omnibns
887 1930 1128 2009 praeoptantibus

104 2021 180 2074 tres
197 2015 303 2071 omissa
318 2023 415 2089 esset,
436 2013 543 2074 bellum
562 2015 608 2074 his
623 2014 792 2074 Phocenses
810 2013 980 2073 intulerunt:
1004 2032 1128 2091 quorum

131 2112 196 2155 cum
228 2096 351 2155 aduersa
377 2098 490 2174 proelia
511 2106 696 2175 paterentur,
719 2099 823 2157 iterato
848 2095 884 2156 ad
906 2096 1054 2156 oraculum
1072 2096 1127 2170 ,de-

132 2188 264 2248 currunt:
288 2185 463 2257 responsum
482 2181 557 2240 idem
572 2179 643 2239 belli
660 2181 737 2258 quod
759 2180 942 2257 pestilentiae
967 2180 1126 2240 remedium

104 2270 120 2323 t
132 2261 206 2320 iore.
250 2261 339 2338 Igitur
364 2264 528 2341 conscripta
550 2264 719 2323 colonorum
744 2280 827 2321 manu
853 2264 881 2321 in
897 2263 1018 2322 Pontum
1040 2263 1126 2322 delati

101 2409 104 2415 ¹
130 2343 231 2402 urbem
248 2344 419 2405 Heracleam
443 2346 647 2423 condiderunt,
678 2355 707 2406 et
728 2347 863 2422 quoniam
886 2347 1011 2407 latorum
1031 2347 1125 2422 auspi·

132 2427 185 2486 ciis
201 2427 229 2484 in
250 2445 302 2487 eas
323 2429 412 2488 sedes
427 2429 516 2488 delati
530 2440 628 2505 erant,
652 2430 735 2489 brevi
755 2438 888 2507 tempore
910 2446 1030 2505 magnas
1052 2445 1126 2504 opes
1165 2455 1170 2465 ·

103 2518 283 2587 sparavere.
314 2509 401 2571 Multa
417 2512 521 2572 deinde
537 2512 619 2572 huius
637 2512 717 2572 urbis
732 2511 873 2571 adversus
890 2512 1024 2573 finitimos
1039 2510 1126 2586 bella,

130 2592 217 2652 multa
238 2595 323 2653 etiam
338 2595 516 2654 domesticae
539 2596 728 2655 dissensionis
744 2594 819 2654 mala
841 2596 935 2655 luere.
979 2594 1057 2654 lnter
1078 2611 1125 2653 ce·

100 2685 192 2740 9tera
203 2677 354 2753 magnifica
370 2678 418 2737 vel
431 2679 588 2756 praecipue
604 2679 675 2739 illud
690 2677 880 2738 memorabile
894 2678 955 2737 init.
994 2676 1065 2737 Cum
1080 2695 1126 2735 re·

129 2772 190 2819 rum
199 2761 360 2839 potirentur
371 2761 564 2821 Athenienses
576 2763 719 2839 victisque
733 2760 979 2821 PersisGraeciae
996 2770 1026 2820 et
1038 2760 1126 2824 Asiae

129 2844 265 2911 tributum
280 2847 308 2901 ln
320 2844 436 2904 tutelam
450 2844 552 2905 classis
569 2846 805 2922 descripsissem,
821 2843 953 2903 omnibns
969 2844 1074 2921 cupide
1091 2841 1126 2902 ad

130 2927 304 3003 praesidinm
326 2928 425 2995 salutis
447 2946 517 2987 suae
546 2925 764 2987 conferentibus
784 2927 841 2986 soli
858 2925 1072 2986 Heracleenses
1088 2924 1125 2982 ob

86 3019 122 3072 10
132 3012 282 3070 amicitiam
303 3028 404 3087 regum
418 3010 602 3071 Persicorum
618 3009 811 3070 conlationem
827 3007 995 3070 abnuerant.
1020 3007 1126 3066 liissns

129 3093 226 3171 itaque
248 3092 284 3153 ab
301 3093 528 3154 Atheniensibus
547 3092 706 3154 Lamachus
729 3110 792 3152 cnm
816 3095 949 3153 exercitu
970 3091 1007 3151 ad
1028 3099 1126 3150 extor-

129 3176 270 3252 quendum
287 3177 365 3253 quod
380 3176 551 3253 negabatur,
564 3176 628 3236 dum
640 3177 751 3236 relictis
765 3179 793 3235 in
808 3176 894 3237 litore
906 3174 1027 3235 navibus
1039 3188 1126 3250 agros

127 3256 368 3319 lleracleensium
383 3260 550 3338 populatur,
573 3260 699 3320 classem
723 3277 788 3319 cum
807 3261 917 3322 maiore
939 3266 1023 3335 parte
1041 3272 1126 3315 exer·

85 3348 118 3400 11
131 3342 205 3398 citus
227 3342 380 3418 naufragio
401 3344 571 3420 repentinae
591 3343 774 3421 tempestatis
798 3344 901 3404 amisit.
946 3340 1048 3417 ltaque
1064 3354 1128 3397 cum

129 3436 224 3495 neque
238 3426 309 3481 mari
324 3434 426 3500 posset
441 3425 554 3484 amissis
569 3426 707 3501 navibus,
725 3442 820 3502 neque
836 3434 915 3485 terra
929 3423 1049 3484 auderet
1063 3438 1127 3508 cum
