2442 3975
150 210 209 271 166
520 219 628 267 unoar
644 219 774 266 Pourur
975 208 1136 262 xxx14.5

148 393 220 434 unus
232 393 269 433 ex
286 372 436 433 comitibus
453 372 620 446 Annibalis,
640 374 687 448 qui
702 373 731 430 in
744 370 852 429 bellurn
868 369 989 446 cupidos
1005 368 1137 429 hortetur

147 457 376 532 Annibalemque
393 473 456 514 cum
471 457 562 533 copiis
577 454 738 513 adiuturum
752 456 876 519 nuntiet;
896 452 965 510 nihil
981 452 1058 512 dicat
1070 471 1135 550 par*

147 542 223 601 tibus
245 542 298 597 uisi
319 538 427 598 animos
451 537 728 613 Carthaginiensium
749 537 869 595 deesse:
891 535 989 594 Asiam
1011 545 1040 595 et
1057 538 1136 595 vires

118 624 217 688 abelli
234 632 262 681 et
274 631 415 698 sumptum
426 619 633 720 praebituram.
659 619 738 678 llaec
752 637 815 679 cum
827 619 917 678 relata
932 617 1135 694 Carthaginem

148 714 263 780 essent,
288 707 400 763 nuntius
424 708 488 782 ipse
512 703 580 762 ab
573 704 693 761 inimicis
714 697 865 762 Annibalis
889 702 1135 779 conprehenditur

146 790 386 869 perductusque
378 807 406 846 m
422 796 551 846 senatum
566 804 630 845 cum
645 788 891 863 interrogaretur,
916 786 951 845 ad
967 803 1052 862 quem
1067 787 1134 845 mis·

148 891 197 932 sus
210 880 300 947 esset,
316 870 449 929 Punico
441 872 557 946 mgenio
574 870 724 947 respondit
737 888 769 928 se
782 870 817 929 ad
829 871 992 927 universum
1005 878 1134 928 senatum

146 951 277 1014 miss‘um:
301 971 357 1011 nec
376 956 449 1012 enim
472 971 544 1029 opus
565 954 623 1011 hoc
645 953 839 1029 singulorum,
863 953 914 1010 sed
936 955 1135 1011 universorum

119 1048 225 1101 desse.
252 1036 325 1096 Dum
337 1038 433 1096 multis
445 1035 545 1096 diebus
562 1036 741 1109 deliberant,
760 1054 795 1095 an
811 1053 875 1095 eum
885 1034 1005 1094 Romam
1019 1036 1055 1095 ad
1068 1053 1134 1113 pur-

148 1121 269 1198 gandam
293 1120 435 1197 publicam
459 1122 665 1179 conscientiam
694 1125 820 1194 mittant,
849 1121 950 1178 tacitus
973 1115 1147 1178 conscensa¹

147 1222 222 1262 nave
239 1203 275 1262 ad
291 1203 462 1263 Annibalem
474 1205 638 1262 revertitur.
666 1202 730 1275 Quo
745 1204 861 1279 cognito
878 1199 1135 1278 Carthaginienses

120 1287 225 1347 4ultro
248 1304 309 1343 rem
333 1285 451 1344 Romam
475 1304 529 1362 per
550 1286 677 1361 legatum
700 1286 841 1344 defernnt.
877 1284 996 1344 Romani
1017 1303 1135 1362 quoque

148 1369 262 1444 legatos
280 1368 315 1425 ad
333 1368 504 1429 Antiochum
525 1370 647 1442 misere,
672 1371 719 1446 qui
742 1369 794 1427 sub
810 1370 912 1446 specie
931 1369 1085 1444 legationis
1106 1377 1136 1430 et

148 1452 226 1526 regis
251 1460 418 1528 apparatum
440 1452 662 1530 specularentur
680 1461 708 1510 et
733 1451 904 1511 Annibalem
930 1461 977 1510 aut
997 1451 1135 1511 Romanis

148 1536 312 1610 mitigarent
326 1544 373 1593 aut
385 1535 505 1594 adsiduo
523 1536 679 1612 conloquio
696 1545 862 1613 suspectum
877 1537 1054 1613 invisumque
1068 1536 1135 1594 red·

120 1618 250 1680 ederent
268 1619 341 1693 regi.
371 1617 472 1695 ltaque
495 1618 584 1694 legati
606 1614 794 1698 cum'Ephesi
811 1621 1016 1678 convenissent
1033 1618 1134 1677 Antio·

122 1700 249 1773 ochum,
266 1699 396 1760 mandata
412 1704 438 1759 ei
459 1711 574 1760 senatus
593 1701 715 1760 tradunt.
745 1701 819 1760 Dum
834 1715 1006 1779 responsum
1024 1719 1134 1779 expec-

149 1792 225 1857 tant,
251 1783 380 1842 omnibus
396 1783 497 1843 diebus
515 1784 625 1843 adsidui
641 1786 718 1844 circa
737 1785 908 1844 Annibalem
925 1786 1022 1861 luere,
1038 1785 1134 1843 dicen-

148 1876 193 1926 tes
213 1883 276 1924 eum
292 1868 389 1926 timide
406 1885 421 1925 a
438 1869 529 1945 patria
544 1868 723 1939 recessisse,
743 1887 806 1927 cum
823 1886 925 1946 pacem
939 1868 1060 1928 Romani
1076 1886 1135 1927 nou

148 1960 203 2009 tam
221 1968 284 2008 cum
299 1968 332 2008 re
345 1950 468 2028 'pub-lica
485 1953 546 2010 eius
569 1968 653 2028 quam
677 1969 739 2011 cum
768 1969 803 2010 eo
826 1952 929 2012 iactam
950 1970 1056 2012 summa
1077 1952 1134 2011 tide

120 2034 325 2100 7custodiarrt;
343 2053 398 2093 nec
413 2034 491 2093 bella
508 2054 570 2093 eum
587 2035 779 2094 Romanorum
794 2038 885 2112 magis
901 2036 967 2096 odio
984 2053 1066 2113 quam
1082 2053 1134 2112 pa·

147 2117 218 2175 triae
235 2134 332 2175 amore
351 2119 497 2194 gessisse,
519 2119 564 2176 cui
586 2114 752 2197 ab'optimo
772 2136 888 2197 quoque
910 2121 994 2178 etiam
1016 2119 1136 2196 spiritus

148 2201 212 2276 ipse
231 2200 379 2259 debeatur.
403 2201 460 2259 Has
478 2204 552 2260 enim
567 2202 699 2279 publicas
716 2203 789 2261 inter
804 2203 946 2280 populos,
963 2219 1020 2260 non
1039 2203 1134 2280 priva·

119 2291 192 2345 &tas
211 2284 285 2341 inter
305 2282 394 2341 duces
416 2284 542 2343 bellandi
565 2303 666 2345 causas
689 2304 765 2344 esse.
801 2284 936 2344 luderes
954 2295 1053 2362 gestas
1071 2286 1134 2343 eius

148 2365 275 2423 laudare.
317 2366 413 2437 Quare
435 2386 569 2428 sermone
597 2369 688 2428 laetus
711 2371 829 2446 saepius
853 2370 1041 2446 cupidiusque
1070 2385 1135 2425 cum

148 2447 254 2522 legatis
278 2448 524 2527 conloquebatur,
536 2453 664 2528 ignarus
686 2453 762 2530 quod
791 2452 981 2510 familiaritate
1003 2450 1135 2508 Romana

119 2530 243 2594 sodium
259 2531 313 2589 sibi
327 2534 401 2609 apud
419 2552 519 2622 regem
533 2543 655 2594 cr.earet
683 2536 798 2613 Quippe
814 2534 972 2592 Antiochus
983 2541 1040 2591 tam
1057 2533 1135 2592 adsi·

91 2611 203 2670 duo
222 2615 376 2691 conloquio
389 2609 646 2677 reconciliatam
619 2638 680 2677 erus
697 2637 760 2678 cum
772 2617 907 2677 Romanis
919 2618 1040 2693 gratiam
1057 2617 1134 2674 exis-

121 2698 248 2755 timaus
264 2697 333 2756 nrhrl
349 2697 384 2757 ad
406 2718 486 2773 eum,
510 2702 593 2759 sicuti
617 2701 746 2775 solebat,
771 2702 900 2774 reterre,
923 2709 1133 2778 expertemque

147 2781 233 2838 totius
251 2780 364 2839 consilii
384 2791 413 2840 et
432 2782 520 2842 veluti
544 2784 657 2843 hostem
677 2745 912 2862 proditoremque
932 2802 1013 2843 suum
1034 2785 1133 2843 odisse

149 2864 256 2940 coepit.
289 2863 370 2936 Quae
392 2884 439 2924 res
457 2875 564 2926 tantum
579 2878 748 2945 apparatum
769 2869 839 2931 belli
860 2878 994 2926 cessante
1009 2869 1132 2945 impera-

106 2958 140 3008 10
152 2948 225 3005 toria
237 2956 299 3006 arte
315 2951 452 3026 corrupit.
480 2951 603 3009 Senatus
618 2951 749 3010 mandata
763 2952 891 3026 inerant,
910 2960 1061 3010 contentus
1075 2959 1132 3007 ter·

149 3031 231 3088 minis
247 3030 336 3090 Asiae
355 3042 450 3109 esset,
473 3052 509 3092 ne
525 3034 597 3111 ipsis
612 3033 710 3093 Asiam
731 3035 911 3110 ingrediendi
926 3035 1132 3094 necessitatem

148 3114 309 3190 inponeret.
344 3115 456 3187 Quibus
476 3119 583 3195 spretis
600 3135 657 3176 non
678 3119 878 3196 accipiendum
898 3117 1006 3178 bellum
1023 3117 1131 3190 statuit,

148 3196 200 3253 sed
216 3197 403 3260 inferendum.

120 3288 134 3338 1
209 3281 238 3337 5.
261 3279 388 3356 Dicitur,
412 3300 475 3341 cum
498 3283 666 3359 frequenter
687 3284 723 3342 de
745 3284 825 3343 bello
847 3284 998 3343 eonsilium
1018 3290 1132 3341 remoto

147 3360 290 3421 Annibale
309 3363 473 3440 habuisset,
490 3367 603 3425 tandem
620 3385 682 3424 enm
698 3368 798 3425 vocari
814 3369 949 3443 iussisse,
971 3384 1028 3425 non
1045 3376 1075 3425 ut
1095 3382 1134 3424 ex

147 3444 286 3501 sententia
299 3448 360 3503 eius
376 3447 484 3523 aliquid
499 3459 616 3523 ageret,
634 3448 684 3507 sed
697 3467 732 3507 ne
747 3468 801 3526 per
817 3452 911 3509 omnia
926 3453 1076 3528 sprevisse
1090 3448 1133 3508 vi·
