2442 3975
88 219 170 275 lae
416 226 508 274 msc.
525 226 619 274 emo.
635 224 727 274 nmo.
1073 213 1094 275 9

88 389 167 443 arma
182 388 211 439 et
231 380 298 457 equi
320 379 447 459 adempti
461 381 590 457 iussique
610 395 758 456 cauponas
774 389 803 440 et
823 380 948 439 ludicras
970 388 1047 438 artes
1064 387 1093 438 et

47 470 54 492 ‘
87 464 234 526 lenocinia
253 480 406 523 exercere.
451 464 496 522 Ac
512 465 555 522 sic
575 479 650 539 gens
673 462 810 523 industria
826 463 968 542 quondam
986 472 1138 540 potens13

89 559 118 609 et
138 566 223 606 manu
239 555 355 607 strenua
371 548 534 607 effeminata
545 546 668 605 mollitie
683 546 853 626 luxuriaque
871 548 1004 607 virtutem
1018 547 1090 623 pris·

87 635 174 692 tinam
191 630 331 710 perdidit,
355 640 384 710 et
401 633 475 709 qubs
491 640 557 689 ante
574 629 680 703 Cyrum
698 631 823 690 invictos
843 630 921 690 bella
939 631 1091 708 praestite-

89 725 164 791 runt,
179 717 207 773 iu
222 714 363 773 luxuriam
382 714 483 793 lapsos
504 717 591 773 otium
609 730 644 772 ac
659 712 768 774 desidia
787 715 945 792 superavit.

152 796 247 857 Fuere
267 796 353 870 hydis
373 797 541 857 multiante
571 795 712 856 Croesum
739 815 829 874 reges
860 799 948 857 variis
977 795 1092 855 casibus
1101 803 1137 856 14

88 881 309 957 memorabiles,
332 882 427 940 nullus
448 891 542 940 tamen
563 880 695 940 fortunae
718 880 857 942 Candauli
879 880 1090 959 conparandus.

50 1020 58 1043 ,
88 967 143 1026 llic
158 982 290 1039 uxorem,
310 983 394 1042 quam
410 974 532 1043 propter
546 964 659 1024 formae
675 964 914 1043 pulchritudinem
930 963 1090 1041 deperibat,
1102 971 1136 1023 15

90 1050 262 1130 praedicare
278 1048 408 1107 omnibus
423 1048 556 1123 solebat,
578 1064 637 1106 non
659 1058 810 1108 contentus
831 1047 1008 1126 voluptatum
1030 1066 1093 1107 sua·

88 1152 150 1194 rum
165 1134 252 1192 tacita
268 1133 458 1208 conscientia,
473 1131 528 1190 nisi
544 1131 630 1189 etiam
651 1133 821 1192 matrimonii
834 1131 984 1191 reticenda
1000 1131 1091 1209 publi·

90 1226 187 1293 caret,
212 1232 333 1294 prorsus
349 1217 431 1293 quasi
447 1216 590 1274 silentium
612 1215 742 1275 damnum
763 1215 982 1294 pulchritudinis
1003 1223 1090 1274 esset.
1102 1221 1136 1274 16

38 1325 41 1331 ·
88 1301 136 1360 Ad
157 1308 350 1378 postremum,
380 1308 410 1358 ut
433 1299 623 1358 adfirmationi
644 1318 713 1360 suae
734 1300 819 1359 iidem
839 1300 969 1375 iaceret,
990 1299 1092 1359 nudam
1102 1303 1133 1357 17

89 1384 183 1445 sodali
211 1400 263 1442 suo
293 1384 368 1460 Gygi
395 1382 530 1442 ostendit.
565 1382 630 1458 Quo
657 1383 736 1443 iacto
765 1392 795 1443 et
821 1385 941 1443 amicum
964 1384 992 1441 in
1014 1383 1091 1443 adul·
1102 1387 1137 1440 18

89 1471 193 1529 terium
213 1470 313 1527 uxoris
336 1467 520 1527 sollicitatum
536 1466 649 1525 hostem
667 1467 721 1526 sibi
737 1468 807 1526 iecit
823 1477 851 1526 et
866 1484 997 1540 uxorem,
1014 1467 1093 1525 velut

89 1552 194 1612 tradito
209 1551 258 1610 alii
272 1569 385 1625 amore,
402 1570 418 1611 a
435 1570 467 1610 se
483 1550 629 1609 alienavit.
673 1550 803 1630 Namque
829 1550 918 1609 brevi
935 1558 1002 1627 post
1024 1554 1137 1608 tem-19

90 1653 164 1716 pore
181 1635 286 1695 caedes
304 1633 442 1694 Gandanli
458 1635 618 1711 nuptiarum
635 1637 793 1711 praemium
816 1633 868 1692 iuit
889 1642 917 1692 et
941 1649 1014 1699 uxor
1035 1651 1092 1695 ma·

88 1721 136 1779 riti
163 1719 304 1795 sanguine
331 1718 429 1778 dotata
457 1735 579 1794 regnum
606 1718 661 1775 viri
692 1727 784 1777 etse
817 1718 927 1795 pariter
960 1716 1091 1776 adultero

90 1802 215 1862 tradidit.
739 1802 743 1807 ’

153 1886 182 1947 8.
206 1884 299 1960 Cyrus
323 1885 443 1945 subacta
465 1884 536 1943 Asia
558 1892 588 1942 et
608 1884 745 1942 uniuerso
770 1885 882 1943 oriente
911 1885 940 1942 in
964 1888 1124 1960 potesta-l

90 1979 148 2030 tem
163 1966 283 2031 reda'cto
299 1968 415 2043 Scythis
430 1968 538 2028 bellum
554 1968 652 2027 inient.
696 1966 767 2027 Erat
782 1984 818 2027 eo
834 1976 967 2046 tempore
991 1968 1093 2043 regina
1108 1969 1127 2022 2

89 2054 262 2129 Scytharum
278 2053 426 2127 Tamyris,
449 2071 523 2131 quae
545 2069 603 2110 non
625 2050 803 2110 muliebriter
825 2051 949 2111 adventu
970 2049 1094 2108 hostium

27 2183 37 2200 0
88 2140 208 2210 territa,
238 2154 302 2194 cum
327 2135 484 2212 prohibere
506 2153 558 2194 eos
580 2135 700 2194 transitu
725 2133 814 2194 Oanis
836 2135 957 2194 fluminis
982 2142 1093 2212 posset,

88 2221 214 2279 transire
231 2219 376 2295 permisit,
398 2228 427 2276 et
441 2218 495 2277 sibi
515 2218 677 2278 faciliorem
701 2236 825 2296 pugnam
847 2219 920 2277 intra
944 2219 1027 2294 regni
1051 2220 1094 2275 sui

89 2303 230 2362 terminos
245 2309 306 2360 rata
326 2310 355 2359 et
368 2301 499 2360 hostibus
518 2301 634 2361 obiectu
650 2301 773 2362 lluminis
783 2303 880 2378 lugam
891 2301 1092 2361 difficiliorem.

88 2388 190 2465 ltaque
208 2384 301 2459 Cyrus
316 2385 444 2444 traiectis
460 2387 564 2463 copiis,
584 2385 647 2443 cum
667 2386 874 2463 aliquantisper
895 2386 923 2443 in
945 2385 1089 2460 Scythiam
1109 2397 1127 2451 3

89 2471 298 2549 processisset,
316 2477 547 2528 castrametatus
565 2477 620 2527 est.
664 2468 737 2527 Dein
762 2478 880 2547 postera
897 2469 942 2528 die
960 2471 1091 2530 simulato
1108 2478 1127 2532 4

89 2562 177 2629 metu,
195 2554 276 2631 quasi
294 2553 444 2629 refugiens
461 2562 555 2612 castra
574 2551 768 2628 deseruisset,
790 2555 827 2612 ita
850 2553 906 2611 vini
929 2553 1045 2613 adfatim
1066 2563 1095 2613 et

91 2655 143 2710 ea,
161 2654 235 2713 quae
250 2636 345 2713 epulis
361 2646 442 2695 erant
464 2637 648 2712 necessaria,
665 2634 789 2715 reliquit.
834 2637 920 2710 Quod
941 2655 1004 2696 cum
1023 2656 1091 2695 nun·
1109 2648 1126 2699 5

90 2721 189 2779 tiatum
204 2721 326 2796 reginae
342 2728 437 2794 esset,
455 2719 703 2779 adulescentulum
726 2720 812 2779 lilium
836 2720 870 2779 ad
888 2719 1094 2798 insequendum

90 2820 156 2861 eum
171 2821 235 2861 cum
250 2805 335 2863 tertia
354 2812 437 2881 parte
455 2804 603 2882 copiarum
624 2804 717 2861 mittit.
762 2802 833 2863 Gnm
848 2813 964 2863 ventum
979 2801 1015 2861 ad
1031 2820 1092 2861 cas·
1109 2811 1128 2864 6

90 2895 134 2944 tra
157 2883 225 2959 Gyri
251 2896 347 2962 esset,
373 2887 492 2963 ignarus
519 2888 562 2945 rei
584 2886 715 2945 militaris
736 2887 924 2962 adulescens,
941 2885 1030 2945 veluti
1059 2883 1095 2943 ad

90 2969 202 3047 epulas,
219 2986 276 3028 non
294 2970 329 3030 ad
344 2970 485 3049 proelium
502 2971 650 3047 uenisset,
676 2971 790 3041 omissis
813 2969 944 3028 hostibus
963 2969 1095 3026 insuetos

90 3052 233 3117 barbaros
248 3055 315 3113 vino
332 3072 365 3113 se
377 3071 500 3112 onerare
521 3055 641 3131 patitur,
659 3055 797 3132 priusque
813 3051 940 3127 Scythae
953 3048 1093 3109 ebrietate
1110 3060 1127 3115 7

91 3155 176 3213 quam
192 3136 272 3196 bello
288 3139 449 3197 vincuntur.
489 3135 561 3195 Nam
576 3138 701 3213 cognitis
715 3137 760 3195 his
779 3135 873 3210 Cyrus
889 3151 1025 3193 reversus
1042 3151 1095 3210 per
1110 3144 1129 3197 8

90 3228 207 3279 noctem
223 3223 338 3280 saucios
354 3220 491 3300 opprimit
506 3236 666 3298 omnesque
682 3220 806 3295 Scythas
824 3237 886 3278 oum
899 3218 1019 3292 reginae
1035 3218 1093 3275 lilio

25 3327 30 3332 ·
65 3334 72 3347 ·
93 3304 250 3363 interiecit:
282 3305 400 3363 Amisso
416 3311 495 3363 tanto
508 3305 640 3362 exercitu
656 3311 695 3380 et,
708 3303 785 3382 quod
796 3304 913 3379 gravius
928 3299 1091 3377 dolendum,
1107 3310 1125 3363 9

89 3387 256 3447 unicolilio
278 3389 411 3461 Tamyris
435 3386 566 3447 orbitatis
587 3386 720 3446 dolorem
742 3388 848 3444 nonin
870 3385 1003 3445 lacrimas
1025 3383 1094 3442 eiiu-

90 3468 142 3547 dit,
164 3471 216 3531 sed
232 3474 260 3529 in
278 3471 395 3531 ultionis
412 3470 523 3531 solacia
538 3468 659 3528 intendit
686 3469 846 3546 hostesque
866 3468 977 3529 recenti
1005 3468 1096 3526 victo·
