2442 3975
424 227 557 277 nouem
574 183 684 276 unour
979 220 1046 283 223

56 378 129 456 quod
153 370 266 440 sacrum
286 390 408 458 uocant,
430 396 526 460 usquc
543 382 579 443 ad
593 383 680 443 linem
698 385 778 444 eius:
803 386 1045 469 interiectumque

53 461 116 533 huic
131 463 255 542 bellum,
277 466 353 542 qvnod
369 465 518 544 Philippus
536 485 599 526 oum
614 465 791 528 Chalcidicis
806 469 925 531 urbibus
938 476 1043 550 gessit,

55 562 168 621 quarum
180 547 369 608 clarissimum
380 549 490 609 deleuit
501 547 658 624 Olynthon.
680 550 717 610 Ut
728 550 838 626 lllyrici
854 572 943 631 reges
957 556 1045 617 abeo

53 629 117 686 uicti
133 639 215 706 sunt,
233 640 262 689 et
273 630 396 695 Thracia
408 641 495 710 atque
508 632 661 693 Thessalia
673 633 824 712 subactae,
837 645 867 695 et
881 656 936 698 rex
950 639 1046 718 Epiro

53 710 308 775 datusAlexauder
321 715 535 796 eiectoAryba,
549 726 577 776 et
584 717 692 777 frustra
700 717 853 779 Perinthos
864 732 1042 800 oppugnata.

248 856 253 863 ⁴
342 861 528 909 PROLOGUS
545 862 642 935 LIBRI
657 865 745 912 VIIII.

111 958 196 1021 Nono
217 961 363 1040 uolumine
384 962 567 1020 continentur
579 961 663 1020 haec.
695 960 733 1020 Ut
748 962 898 1042 Philippus
912 983 928 1026 a
944 967 1043 1028 Perin-

52 1039 98 1100 tho
116 1055 282 1107 summotus.
298 1044 426 1119 Byzantii
439 1045 579 1120 origines,
596 1045 706 1102 aculus
719 1044 872 1105 obsidione
884 1061 1043 1112 summotus

52 1121 197 1205 Philippus
213 1129 351 1203 Scythiae
367 1127 476 1187 bellum
492 1127 594 1186 intulit.
632 1125 787 1204 Repetitae
802 1129 869 1188 inde
886 1133 1045 1207 Scythicae

52 1223 100 1265 res
112 1210 148 1269 ab
162 1211 209 1277 his
224 1209 422 1289 temporibus,
448 1211 476 1269 in
492 1209 597 1289 quibus
610 1209 659 1269 illa
680 1210 760 1288 prius
775 1211 925 1291 finierant,
948 1235 1044 1296 usque

52 1289 85 1348 ad
99 1292 225 1373 Philippi
244 1294 370 1368 bellum,
394 1293 472 1371 quod
496 1312 560 1353 curn
575 1292 677 1352 Athea.
690 1293 830 1368 Scythiae
851 1315 923 1375 rege
938 1303 1041 1377 gessit.

51 1370 129 1434 Unde
141 1396 279 1439 reversus
293 1377 434 1439 Graeciae
450 1376 558 1438 bellum
570 1377 663 1436 intulit
672 1379 827 1457 victorque
838 1379 1040 1461 Chaeroneae,

52 1472 111 1516 cum
128 1459 207 1524 bella
222 1461 341 1521 Persica
355 1462 507 1520 moliretur
525 1461 686 1539 praemissa
708 1461 805 1520 classe
827 1481 891 1523 cnm
908 1466 1042 1543 ducibus,

51 1555 66 1597 a
85 1539 224 1605 Pausania
248 1547 399 1623 occupatis
424 1546 563 1621 angustiis
584 1545 745 1621 nuptiarum
768 1545 845 1605 tiliae
862 1547 910 1607 dio
925 1552 1041 1609 occisus

52 1631 109 1699 est,
128 1629 295 1707 priusquam
314 1627 393 1688 bella
413 1628 531 1687 Persica
546 1626 709 1688 inchoaret.
739 1625 895 1705 Repetitac
911 1650 959 1692 res
975 1633 1047 1694 iude

0 1729 1 1732 ¹
51 1702 188 1769 Persicae
203 1730 219 1771 a
234 1711 332 1771 Dareo
345 1711 464 1786 Notho,
481 1712 529 1791 cui
542 1710 686 1770 successit
701 1708 776 1769 iilius
788 1711 972 1774 Artaxerxes
989 1734 1042 1776 co-

51 1795 183 1861 gnomine
199 1794 419 1872 blnemon,'qui
438 1804 505 1872 post
519 1795 639 1853 fratrem
656 1789 762 1866 Ouium
777 1795 883 1853 victum
898 1799 1046 1878 pulsaque

52 1866 141 1934 Onido
154 1896 208 1956 per
221 1877 341 1938 Conona
357 1879 452 1938 classe
463 1876 757 1937 Lacedaemoniorum
771 1876 878 1937 bellum
890 1898 953 1940 cum
965 1881 1041 1944 Eua-

52 1970 120 2029 gora
134 1978 208 2040 rege
224 1962 333 2041 Cyprio
350 1963 457 2038 gessit:
474 1963 662 2039 originesque
680 1957 769 2039 Cypri
788 1964 939 2040 repetitae.

372 2107 554 2157 PROLOGUS
571 2108 667 2155 LIBRI
682 2110 717 2156 X.

111 2202 235 2280 Decimo
258 2207 404 2270 volumine
434 2197 615 2265 continentur
641 2204 780 2264 Persicae
804 2224 864 2266 res.
903 2212 939 2269 Ut
957 2208 1044 2268 Arta·

53 2298 157 2349 xerxes
171 2289 307 2352 Mnemon
325 2290 493 2369 pacificatus
515 2307 579 2349 cum
600 2287 738 2364 Euagora
756 2308 829 2367 rege
847 2288 957 2369 Opprio
978 2291 1045 2353 bel·

53 2362 106 2428 lum
127 2372 305 2453 Aegyptium
327 2376 355 2433 in
376 2373 450 2433 urbe
471 2373 535 2431 Ace
557 2372 739 2449 conparauit,
765 2373 830 2449 ipse
854 2375 882 2433 iu
909 2372 1045 2435 Cadusiis

54 2452 152 2527 victor,
169 2459 339 2519 defectores
353 2458 382 2520 in
396 2457 467 2518 Asia
488 2464 663 2534 purpuratos
684 2470 754 2513 suos
770 2466 960 2535 persecutus,
982 2461 1040 2538 pri·

53 2547 123 2596 mum
150 2540 302 2603 Datamem
332 2542 513 2620 praefectum
543 2536 805 2618 [Paphlagoniae]:
831 2539 1044 2619 Paphlagonum

53 2619 134 2695 trigo
155 2628 298 2706 repetitu:
327 2625 432 2686 deiude
453 2624 633 2702 praefectum
655 2619 841 2700 Hellesponti
866 2624 1041 2686 Ariobarza-

53 2714 124 2779 nem,
140 2706 247 2770 deinde
264 2712 292 2768 in
309 2710 393 2784 Syria
411 2708 591 2786 praelectum
607 2706 762 2764 Armeniae
780 2703 935 2783 Orontem,
952 2712 1041 2768 omni-

53 2777 162 2864 busque
183 2794 268 2853 victis
296 2793 459 2853 decesserit
477 2792 537 2850 filio
560 2804 737 2850 successore
759 2786 852 2853 Ocho.
891 2790 919 2849 ls
936 2792 1045 2851 deinde

54 2871 158 2931 occisis
177 2875 361 2955 optimatibus
385 2876 491 2934 Sidona
516 2875 609 2951 cepit:
629 2871 766 2952 Aegypto
784 2872 893 2932 bellum
907 2883 952 2934 ter
966 2876 1040 2938 intu-

54 2942 93 3006 lit.
108 2953 160 3029 ¹Ut
175 2969 243 3037 post
258 2968 379 3019 mortem
391 2956 464 3017 Ochi
483 2956 611 3034 regnarit
622 2955 735 3029 Arsen,
753 2955 819 3015 dein
834 2954 966 3033 Dareus,
993 2959 1044 3035 qui

55 3045 116 3094 tum
132 3039 301 3104 Alexandro
318 3041 510 3103 Macedonum
528 3057 601 3116 rege
616 3037 698 3097 bello
715 3036 853 3098 condixit.

368 3185 551 3235 PROLOGUS
569 3185 667 3232 LIBRI
683 3187 731 3234 x1.

55 3289 57 3294 ’
113 3279 273 3349 Undecimo
300 3289 444 3349 volumine
470 3288 652 3347 continentur
673 3304 724 3347 res
747 3294 851 3364 gestae
882 3284 1044 3345 Alexandri

55 3369 146 3437 ‘tigni
159 3387 252 3449 usque
265 3373 301 3433 ad
316 3373 460 3433 interitum
476 3372 556 3447 regis
569 3368 721 3432 Persarum
733 3370 832 3446 Darei,
848 3370 1001 3447 dictaeque
1013 3368 1044 3426 in

56 3455 179 3512 excessu
196 3457 325 3532 origines
342 3464 371 3516 et
383 3473 473 3531 reges
489 3450 602 3516 Cariae.
985 3463 987 3466 ·
