2442 3975
771 152 798 195 ι

84 243 252 301 vtavlll
394 232 510 309 'nram
525 263 619 311 rnrc.
636 266 727 315 scm.
934 244 940 293 '-
1043 261 1078 322 51

82 405 208 483 blicam,
226 425 283 486 quo
299 416 384 471 antea
400 413 506 474 milites
522 418 692 494 etremiges
710 418 872 499 alebantur,
892 441 954 485 cum
972 426 1082 489 urbano

84 490 196 568 populo
213 491 301 551 dividi
321 503 467 572 coeptum.

145 572 257 645 Quibus
275 575 364 635 rebus
381 578 514 639 ellectum
528 590 590 657 est,
612 592 643 642 ut
662 587 736 645 inter
753 588 811 647 otia
827 587 1003 652 Graecorum
1018 610 1110 665 sor-a

83 656 179 715 didum
195 667 225 717 et
240 658 395 719 obscurum
414 671 497 722 autea
513 662 703 727 Macedonum
719 687 823 733 nomen
845 670 1027 750 emergeret,
1053 684 1111 748 etr

81 738 232 817 Philippus
247 741 337 802 obses
352 745 474 805 triennio
490 745 598 810 Thebis
611 749 736 829 babitus,
753 752 970 832 Epaminondae
986 765 1015 816 et
1030 756 1083 817 Pe·

81 820 200 899 lopidae
216 833 272 883 tum
287 827 440 901 virtutibus
453 822 591 909 eruditus,
608 853 729 912 reguum
739 835 929 899 Macedoniae
942 838 1083 900 Graeciae

82 913 111 963 et
126 905 216 967 Asiae
232 910 396 1007 cervicibus
409 914 500 975 veluti
516 918 612 995 iugum
628 920 774 980 servitutis
791 921 961 1011 inponerem

475 1147 684 1156 ——--—-

419 1318 627 1393 LIBER
657 1316 756 1395 VII.

75 1580 77 1583 .
142 1534 169 1591 1.
193 1497 374 1596 Macedonia
399 1546 465 1597 ante
488 1555 507 1596 a
533 1539 647 1598 nomine
673 1537 851 1599 Emathiouis
874 1540 971 1615 regis,
998 1542 1105 1604 cuius]

80 1616 170 1694 prima
186 1619 297 1679 cicutis
315 1622 513 1697 experimenta
527 1622 628 1681 inillis
642 1621 718 1682 locis
739 1631 853 1697 extant,
876 1620 1009 1683 Emathia
1031 1640 1081 1683 co·

78 1701 242 1777 gnominata
258 1711 312 1763 est.
344 1702 434 1763 Huius
451 1705 538 1763 sicuti
553 1706 730 1765 incrementa
744 1706 876 1779 modica,
903 1708 941 1765 ita
964 1708 1108 1769 terminia

78 1788 248 1861 perangusti
262 1786 356 1846 fuere.
394 1785 524 1865 Populus
539 1786 673 1865 Pelasgi,
694 1790 779 1865 regio
796 1788 892 1848 Bottia
914 1788 1110 1853 dicebatur.3
1146 1786 1150 1793 ’

78 1868 137 1928 Sed
151 1878 254 1947 postea
270 1871 375 1930 uirtute
393 1889 495 1948 regum
512 1879 542 1930 et
561 1872 657 1947 gentis
677 1871 816 1931 industria
839 1871 966 1930 subactis
986 1874 1111 1949 primos

78 1952 213 2030 finitimis,
232 1971 300 2014 mox
316 1953 433 2033 populis
449 1954 688 2033 nationibusque,
707 1954 858 2033 imperium
874 1970 965 2032 usque
983 1962 1081 2013 extre-

76 2053 140 2095 mos
156 2039 275 2097 orientis
294 2039 434 2097 terminos
454 2039 609 2117 prolatum.
641 2038 674 2098 lu
695 2040 818 2120 regione
838 2037 981 2112 Paeonia,
1004 2050 1109 2115 quaet
1176 2066 1179 2071 ·

77 2138 153 2180 nunc
167 2124 264 2200 portio
283 2130 330 2181 est
344 2120 547 2198 Macedoniae,
566 2140 709 2199 regnasse
723 2121 817 2182 fertur
832 2120 1010 2197 Pelegonus,
1029 2138 1081 2197 pa·

75 2213 121 2263 ter
135 2203 324 2283 Asteropaei,
341 2206 422 2265 cuius
438 2204 563 2266 Troiano
584 2205 664 2266 bello
688 2208 763 2276 inter
787 2204 967 2265 clarissimos
987 2203 1080 2263 viudi-

77 2305 128 2347 ces
152 2287 232 2347 urbis
250 2305 362 2349 vnctruen
382 2290 549 2367 accipimus.
583 2294 627 2348 Ex
650 2289 707 2350 alio
725 2289 818 2348 latere
835 2290 864 2347 iu
878 2286 998 2366 Europa
1013 2299 1110 2364 reg-6

76 2387 141 2431 uuna
167 2375 302 2450 Europus
331 2372 568 2431 nomine‘tenuit.
607 2373 667 2432 Sed
692 2382 721 2431 et
739 2369 868 2434 Caranus
892 2388 956 2431 cum
978 2381 1108 2448 magna-l

75 2454 253 2514 multitudiue
272 2453 450 2515 Graecorum
467 2455 555 2522 sedes
570 2456 599 2515 iu
614 2453 784 2516 blacedotria
806 2471 952 2534 responso
969 2454 1081 2515 oraculi

75 2539 170 2597 iussus
185 2556 340 2615 quaerere,
354 2556 419 2597 cum
430 2537 590 2599 Emathiam
603 2539 746 2614 veumset,
760 2537 862 2598 urbem
869 2537 1013 2599 Edessam
1023 2554 1081 2597 uon

75 2621 268 2682 sentientibus
286 2621 440 2700 oppidanis
457 2631 578 2701 propter
593 2621 723 2681 imbrium
746 2631 776 2682 et
794 2622 920 2683 nebulae
938 2623 1080 2699 magnitu-

75 2704 173 2764 dinem
188 2721 311 2781 gregem
328 2722 479 2785 ceprarum
495 2704 615 2765 imbrem
631 2705 801 2782 fugientium
816 2699 934 2766 se‘cutus
952 2719 1080 2781 occupa·

76 2788 132 2854 vit;
149 2795 366 2864 reuocatusque
381 2790 409 2848 in
425 2791 593 2848 memoriam
608 2788 737 2865 oraculi,
761 2805 819 2867 quo
836 2792 932 2848 iussus
949 2794 1012 2846 erat
1029 2785 1109 2845 ‹lu-a

76 2870 160 2932 cibus
175 2870 272 2948 capris
288 2870 438 2949 imperium
452 2889 605 2949 quaerere,
619 2872 702 2948 regui
718 2872 819 2931 sedem
833 2872 944 2937 statuit;
960 2866 1109 2942 religio-9

75 2971 169 3033 seque
183 2962 288 3032 postea
305 2954 489 3030 observavit,
502 2972 686 3034 quocumque
708 2971 812 3031 agmen
834 2958 987 3023 moveret,
1014 2956 1080 3007 ante

75 3039 158 3116 sigua
179 3039 298 3099 easdem
321 3057 427 3118 capras
447 3037 574 3116 babere,
600 3046 772 3116 coeptorum
800 3036 891 3096 duces
918 3030 1078 3106 babituros,

76 3138 147 3199 quas
162 3124 246 3200 regni
258 3121 400 3184 habuerat
415 3132 561 3184 auctores.
592 3120 701 3181 Urbem
710 3121 853 3180 Edessam
862 3115 900 3176 ob
911 3114 1079 3173 memoriam
1089 3124 1123 3175 10

76 3207 202 3265 muneris
217 3206 350 3283 Aegeas,
366 3206 506 3286 populum
522 3205 680 3282 Aegeadas
702 3202 827 3286 vocavit.
858 3198 946 3259 Pulso
973 3195 1121 3261 deindell

74 3286 157 3350 blida
168 3291 248 3366 (nam
263 3291 288 3348 is
304 3307 421 3369 quoqne
437 3290 601 3368 portionem
616 3286 807 3347 blacedoniac
824 3282 929 3358 tepuit)
954 3279 1078 3357 aliisque

75 3370 196 3447 regibus
211 3368 305 3451 pulsis
327 3375 355 3433 iu
377 3374 473 3433 locum
495 3373 620 3430 omnium
643 3370 725 3429 solus
748 3367 893 3429 successit
913 3364 1122 3442 primusque12

74 3453 205 3563 adunatis
225 3456 363 3546 gentibus
385 3456 531 3515 variorum
553 3452 727 3532 populorum
748 3450 838 3511 veluti
864 3464 949 3590 uquqm
971 3462 1079 3523 corpus
