2442 3975
76 221 154 294 xxv
164 226 191 274 4.
204 225 231 275 c.
249 217 338 273 xxVI
351 225 365 275 1
414 229 505 279 nrsr.
522 231 616 277 eurr..
633 232 724 280 serr.
780 300 784 308 .
1006 222 1066 283 149

76 387 155 445 t'auta
177 382 328 442 multitudo
350 383 519 442 feminarum
541 387 704 462 concurrit,
729 394 760 444 ut
780 404 837 445 non
854 387 957 448 lortius
972 390 1066 447 victus

76 484 160 547 mam
176 465 369 525 verecundius
384 467 549 526 recederet.
578 468 671 528 Porro
686 470 881 529 Ptolemaeum
891 471 985 530 lilium
1002 474 1093 537 eiuss

76 553 153 612 adeo
182 559 329 607 strenuum
357 558 387 607 et
407 550 614 610 manufortem
639 552 729 611 fuisse
756 553 886 628 tradunt,
915 557 945 613 ut
965 554 1066 613 urbem

76 634 237 706 Corcyram
266 649 329 691 cum
354 634 541 709 sexagesimo
569 638 705 711 ceperit,¹
729 635 804 694 idem
829 637 945 713 proelio
970 635 1066 695 navali

75 720 312 795 quinqueremem
329 733 371 773 ex
388 717 496 792 scapha
514 734 577 776 cum
596 720 720 796 septimo
736 718 877 778 insiluerit
894 726 1065 796 captamque

74 800 217 875 tenuerit,
235 799 262 855 in
278 801 493 874 oppugnatione
509 818 626 878 quoque
639 802 846 879 Spartanorum
862 819 955 878 usque
968 799 996 859 iir
1007 812 1094 866 meo
1156 854 1161 866 ,

75 875 151 943 diam
168 880 269 939 urbem
284 899 361 959 equo
377 886 594 958 procucurrerit
615 884 729 961 ibique
725 903 868 944 concursu
878 884 1066 943 multitudiuis

74 964 246 1025 interiectus
270 966 316 1022 sit.
355 962 442 1024 Cuius
465 984 573 1044 corpus
595 977 625 1025 ut
639 968 761 1026 relatum
777 969 851 1046 patri
867 977 928 1042 est0,
954 968 1062 1025 dixisse
1074 979 1109 1030 10

73 1050 193 1123 Pyrrum
219 1044 328 1108 lerunt:
365 1048 511 1125 aliquanto
528 1051 638 1119 tardius
654 1068 736 1125 eum,
760 1068 844 1127 quam
861 1051 986 1109 timuerit
1001 1052 1065 1128 ipse

66 1133 122 1198 ,vel
138 1135 286 1191 temeritas
302 1131 364 1189 eius
379 1133 533 1206 meruerit,
550 1135 679 1193 occisum
695 1152 771 1194 esse.

40 1261 46 1271 .
134 1216 167 1274 5.
189 1213 336 1291 Repulsus
353 1214 388 1273 ab
404 1216 555 1292 Spartanis
574 1218 681 1294 Pyrrus
703 1223 802 1294 Argos
827 1217 914 1293 petit:
938 1214 978 1274 ibi
1000 1214 1088 1279 dum]

73 1298 273 1374 Antigonum
265 1316 293 1355 ιιι
308 1297 409 1357 urbem
423 1299 552 1358 clausum
567 1317 737 1376 expugnare
755 1308 892 1374 conatur,
910 1299 983 1357 inter
997 1316 1064 1357 con·

72 1383 247 1442 fertissimos
268 1380 477 1440 violentissime
495 1382 633 1441 dimicans
650 1400 722 1441 saxo
739 1383 775 1442 de
790 1385 878 1442 muris
895 1383 969 1441 ictus
987 1382 1064 1441 occi-

73 1467 158 1526 ditur.
181 1464 274 1543 Caput
287 1465 348 1522 eius
360 1465 507 1553 Antigono
523 1466 667 1540 refertur,
684 1467 732 1542 qui
747 1468 869 1524 victoria
885 1468 981 1532 mitius
996 1476 1093 1527 usust

73 1549 162 1614 lilium
184 1549 246 1606 eius
269 1545 411 1605 Helenum
433 1566 496 1606 cum
517 1547 647 1625 Epirotis
670 1550 725 1606 sibi
748 1548 903 1606 deditum
895 1565 923 1605 rn
945 1565 1066 1630 regnum

73 1632 185 1690 remisit
218 1631 304 1706 cique
333 1631 470 1706 insepulti
494 1632 585 1706 patris
612 1647 682 1688 ossa
709 1632 737 1687 in
763 1632 884 1708 patriam
909 1625 1086 1690 referenda

72 1712 200 1774 tradidit.

135 1797 212 1856 Satis
230 1803 366 1854 constans
382 1795 456 1853 inter
468 1811 568 1853 omnes
580 1804 715 1854 auctores
728 1794 802 1854 lama
814 1801 874 1869 est,
890 1794 997 1853 nullum
1008 1805 1092 1857 nec3

74 1881 138 1940 cius
168 1896 223 1938 nec
238 1878 412 1964 superioris
443 1880 545 1937 aetatis
580 1896 680 1953 regem
714 1876 927 1955 conparandum
968 1874 1062 1949 Pyrro

73 1964 182 2038 luisse,
206 1953 332 2061 raroque
353 1977 412 2020 non
431 1962 611 2038 interreges
628 1969 752 2036 tantum,
775 1977 875 2020 verum
891 1960 976 2019 etiam
991 1961 1066 2018 inter

70 2048 209 2106 inlustres
230 2047 310 2105 viros
333 2055 381 2104 aut
402 2046 478 2104 vitae
501 2044 655 2104 sanctioris
679 2054 727 2103 aut
748 2045 872 2103 iustitiae
889 2043 1066 2126 probatioris

71 2133 164 2190 visum
180 2130 287 2189 fuisse:
305 2130 453 2187 scientiam
470 2137 552 2187 certe
568 2148 611 2186 rer
605 2128 782 2186 'militaris
774 2146 802 2185 m
816 2125 866 2185 illo
883 2127 946 2185 viro
960 2134 1093 2186 tantamd

73 2214 182 2287 fuisse,
206 2222 236 2271 ut
249 2231 314 2271 cum
329 2211 518 2286 Lysimacho
540 2211 707 2284 Demetrio,
731 2211 895 2286 Antigono,
917 2210 1002 2268 tantis
1019 2226 1064 2267 re·
1157 2232 1164 2241 ·

72 2297 159 2373 gibus
175 2295 253 2354 bella
268 2297 410 2374 gesserit,
426 2297 548 2353 invictus
566 2313 683 2372 semper
698 2295 800 2362 fuerim
815 2291 980 2365 lllyriorum
993 2304 1092 2369 quo-5

74 2397 148 2459 que,
170 2380 333 2439 Siculorum
354 2379 606 2454 Romanorumque
631 2387 660 2436 et
676 2374 955 2452 Carthaginiensium
976 2375 1064 2435 bellis

72 2481 225 2540 numquam
252 2462 389 2536 inlerior,
421 2463 593 2538 plerumque
617 2462 701 2520 etiam
723 2462 816 2519 victor
839 2459 983 2517 extiterit:
1015 2460 1092 2535 quio

73 2548 194 2624 patriam
212 2556 293 2604 certe
308 2564 388 2605 suum
404 2555 554 2621 angustam
565 2543 784 2620 ignobilemque
799 2542 873 2601 iama
888 2560 985 2601 rerum
997 2559 1064 2618 ges·

73 2638 165 2688 tarum
182 2637 210 2686 et
225 2628 357 2688 claritate
374 2630 497 2687 nominis
515 2628 559 2686 sui
575 2635 638 2686 toto
651 2625 723 2686 orbe
735 2625 883 2684 inlustrem
894 2625 1063 2691 reddiderit.

464 2898 674 2907 ——-.-—--——

372 3120 586 3223 urrann
638 3149 781 3222 xxvi.

139 3367 166 3425 l.
197 3330 276 3426 Post
292 3374 413 3425 mortem
424 3366 506 3442 Pyrri
522 3384 580 3426 non
594 3369 624 3425 in
642 3356 813 3425 Macedonia
826 3370 948 3439 tantum
964 3373 1089 3423 veruml

73 3450 160 3510 etiam
174 3451 203 3508 iu
214 3450 284 3510 Asia
298 3448 485 3551 Graeciaque
497 3450 591 3526 magni
609 3437 754 3507 bellorum
767 3455 862 3505 motus
876 3445 969 3504 fuere.
990 3442 1090 3503 Namt
