2442 3975
105 182 194 237 xxtv
207 185 286 238 1-3*
451 188 543 237 rursu.
560 186 654 235 euru.
669 186 760 234 cerr.
1039 168 1095 229 141

106 352 298 423 occupasset,
322 362 425 423 pacem
441 361 505 404 cum
521 342 667 402 Antiocho
688 342 757 401 iacit
780 341 1010 419 adfinitatemque
1033 358 1098 402 curu

106 426 197 501 Pyrro
219 442 292 501 rege
322 428 387 487 data
403 429 430 486 ei
445 429 473 485 in
489 427 697 485 matrimonium
713 424 771 482 lilia
786 440 838 482 sua
851 425 950 499 iungit.

168 509 198 568 2.
220 508 334 569 Exinde
350 519 473 569 externo
488 516 566 568 motu
584 508 719 586 deposito
736 508 842 584 inpium
861 515 890 564 et
903 507 1096 567 facinorosum
1110 519 1123 568 1

105 593 227 652 animuin
242 592 278 651 ad
292 592 451 654 domestica
471 591 587 652 scelera
606 592 749 650 convertit
765 589 940 665 insidiasque
952 588 1097 649 Arsinoae

104 675 201 733 sorori
224 693 294 735 suae
316 677 445 751 instruit,
468 674 572 772 quibus
588 683 617 734 et
631 674 707 733 lilios
723 674 786 732 eius
801 673 859 730 vita
875 673 928 730 et
920 689 1011 748 ipsam
1027 671 1096 731 Gas-

105 757 248 818 sandreae
269 758 349 817 urbis
369 760 561 837 possessione
583 758 751 835 privaret.
757 756 868 825 Primus
888 756 915 813 ei
936 754 1021 813 dolus
1044 755 1124 816 tutta

104 840 239 899 simulato
261 859 358 902 amore
380 842 491 901 sororis
511 841 718 900 matrimonium
733 847 851 916 petere:
871 838 956 897 aliter
971 839 1045 895 enirn
1061 837 1098 896 ad

104 923 215 981 sororis
236 921 331 1000 lilios,
355 942 476 1002 quorum
500 941 621 1000 regnum
637 930 849 1020 occupaverat,
875 938 957 998 quarn
975 937 1096 979 concor·

104 1004 170 1064 diae
186 1006 286 1067 iraudc
303 1008 458 1085 pervenire
474 1024 532 1067 non
546 1000 684 1084 poterat?
710 1005 769 1063 Sed
786 1013 854 1062 nota
869 1004 1014 1063 scelerata
1030 1004 1096 1063 Pto·
1085 1015 1124 1067 ·3

105 1088 209 1147 lemaei
229 1090 365 1149 voluutas
388 1092 482 1149 sorori
505 1098 577 1148 erat
622 1087 723 1166 ltaque
748 1104 806 1146 uon
832 1085 962 1145 credenti
982 1088 1124 1148 mandata

86 1171 89 1174 ’
103 1170 182 1229 velle
199 1189 231 1230 se
249 1191 313 1232 cum
329 1173 435 1231 liliis
407 1191 470 1231 erus
482 1173 564 1249 regui
577 1173 753 1231 consortium
765 1171 901 1247 iungerc;
918 1187 981 1229 cum
994 1170 1097 1247 quibus

104 1243 162 1312 non
177 1254 245 1313 ideo
261 1274 294 1318 se
309 1257 396 1315 armis
412 1255 608 1332 contendisse,
628 1256 761 1331 quoniam
778 1255 895 1330 eripere
907 1253 951 1311 his
963 1271 1094 1330 regnum,

104 1337 158 1396 sed
180 1338 258 1414 quod
279 1339 306 1397 id
327 1340 428 1399 iacere
446 1340 490 1397 sui
505 1340 632 1398 muneris
643 1338 748 1397 vellet
784 1335 816 1395 ln
833 1336 890 1395 lroc
906 1338 1032 1395 mitteret
1047 1354 1091 1394 ar·
1106 1348 1122 1400 5

103 1418 231 1478 bitrum
223 1422 292 1479 ruris
307 1422 434 1496 iurandi,
452 1439 515 1500 quo
538 1430 694 1501 praesente
709 1420 785 1498 apud
807 1420 880 1480 deos
901 1421 1011 1496 patrios
1032 1421 1095 1496 qui-

103 1502 158 1560 bus
178 1504 270 1562 vellet
291 1503 543 1564 obsecrationibus
572 1523 604 1563 se
631 1504 787 1579 obligaret.
826 1501 940 1561 Incerta
966 1501 1123 1566 Arsinoite

103 1584 174 1661 quid
199 1594 316 1660 ageret:
339 1587 363 1645 si
385 1587 528 1661 mitteret,
553 1586 649 1664 decipi
669 1586 818 1662 periurio,
839 1585 864 1642 si
884 1585 1094 1658 contribueret,

103 1676 269 1743 provocare
284 1668 395 1738 rabiem
406 1668 554 1737 fraternae
571 1667 752 1727 crudelitatis.
763 1666 892 1725 timebat.
914 1665 1014 1743 ltaque
1027 1667 1121 1744 plus?

104 1746 206 1808 liberis
223 1767 307 1826 quam
323 1749 384 1809 sibi·
395 1752 517 1825 timens,
543 1768 617 1828 quos
632 1751 812 1808 matrimonio
830 1766 882 1807 suo
899 1758 1094 1826 proiecturam

103 1849 137 1890 se
152 1830 357 1905 arbitrabatur,
381 1834 464 1891 mittit
478 1850 517 1893 en
531 1834 630 1892 amicis
645 1833 704 1890 suis
718 1832 856 1897 Dionerm
876 1849 933 1909 quo
949 1832 1121 1908 perductos

102 1914 131 1972 in
147 1916 356 1974 sanctissimum
373 1914 451 1974 lovis
471 1916 609 1995 templum
630 1917 804 1991 veterrimae
821 1913 1012 1973 Macedonum
1026 1914 1093 1973 reli-

101 1998 198 2074 gionis
219 1999 405 2058 Ptolemaeus
426 2001 546 2078 sumptis
568 2000 596 2058 in
620 2017 719 2058 manus
740 1997 894 2071 altaribus,
924 1999 1094 2074 contingens

95 2081 169 2158 vipsa
196 2081 350 2141 simulacra
376 2091 406 2142 et
437 2083 595 2160 puliinaria
621 2083 741 2142 deorum
767 2081 899 2140 inauditis
928 2081 1093 2158 ultimisque

101 2164 340 2224 execrationibus
361 2166 488 2240 adiurat,
510 2182 543 2225 se
558 2167 673 2225 sincera
688 2166 744 2224 lide
761 2165 871 2223 suroris
886 2165 1122 2227 matrimoniumt

102 2252 205 2324 petere
226 2257 513 2326 nuncupaturumque
534 2266 567 2306 se
589 2266 652 2309 eam
668 2249 813 2324 reginam,
837 2264 933 2324 neque
949 2249 977 2305 in
994 2255 1092 2306 contu·

102 2328 217 2388 melium
240 2332 302 2390 eius
327 2349 361 2388 se
382 2331 466 2390 aliam
482 2347 603 2390 uxorem
619 2331 731 2390 aliosve
752 2346 835 2408 quam
850 2328 926 2388 tilios
941 2331 1005 2388 eius
1021 2330 1092 2389 libe·

101 2417 153 2470 rod
179 2412 350 2472 habiturum.
394 2413 521 2473 Arsinod
548 2423 704 2492 postquam
731 2422 761 2471 et
787 2411 976 2490 spe.inpleta
998 2423 1043 2472 est
1061 2422 1090 2473 et
1102 2425 1135 2476 10

100 2503 179 2553 metu
203 2496 315 2573 soluta,
337 2498 401 2574 ipsa
423 2515 486 2556 cunr
508 2497 598 2556 fratre
621 2497 822 2572 conloquitur,
844 2497 925 2555 cuius
947 2497 1042 2555 vultus
1063 2505 1093 2556 et

101 2574 286 2637 blandientes
305 2579 382 2643 oculi
396 2598 459 2639 cum
475 2579 559 2638 iidem
575 2596 633 2638 non
644 2581 783 2638 minorem
796 2581 933 2654 quamius
944 2580 1093 2639 iurandum

102 2661 320 2735 promitterent,
346 2663 521 2722 reclamante
537 2662 705 2722 Ptolemaeo
727 2663 787 2722 lilio
811 2660 940 2722 fraudem
956 2663 1090 2737 subesse,

101 2740 133 2799 in
147 2743 354 2802 matrimonium
369 2745 465 2804 fratris
482 2744 626 2804 concedit.

63 2900 65 2903 Ι
166 2823 196 2884 3.
231 2823 357 2902 Nuptiae
377 2844 481 2902 magno
505 2838 643 2905 apparatu
669 2828 836 2903 laetitiaque
861 2827 984 2885 omnium
1010 2824 1117 2887 cele-l

100 2907 228 2967 brantur.
253 2907 298 2967 Ad
312 2911 475 2969 contionem
486 2928 602 2988 quoque
613 2920 719 2970 vocato
732 2911 862 2968 exercitu
876 2909 964 2984 capiti
977 2908 1116 2968 sororis2

101 2991 233 3051 diadema
254 2993 366 3068 inponit
386 2994 573 3069 reginamque
596 3011 661 3053 eam
677 2991 816 3071 appellat
852 2989 916 3061 Quo
931 2990 1045 3047 nornine
1061 2991 1118 3053 ins

100 3073 239 3133 laetitiam
255 3075 346 3135 effusa
358 3075 503 3150 Arsinoe,
526 3078 591 3155 quia
613 3077 690 3173 quod
705 3083 798 3134 morte
812 3071 971 3146 Lysimachi
985 3073 1089 3148 prioris

99 3158 192 3215 mariti
210 3159 345 3218 amiserat
364 3160 543 3237 recepisset,
566 3159 643 3218 ultro
656 3160 747 3217 virum
762 3159 790 3214 in
806 3155 906 3213 urbem
923 3172 1003 3213 suam
1019 3153 1088 3213 Gas-

102 3238 252 3297 sandream
277 3240 392 3315 invitat,
424 3243 504 3300 cuius
528 3241 608 3300 urbis
633 3242 790 3318 cupiditate
816 3237 894 3295 iraus
915 3236 1087 3296 struebatur

101 3317 278 3396 Praegressa
298 3325 385 3398 igitur
404 3326 496 3383 virum
517 3325 592 3382 diem
613 3324 718 3382 festum
737 3321 824 3380 urbi
816 3338 843 3377 ιιι
858 3321 1009 3379 adrentum
1026 3321 1117 3382 eius4

100 3402 218 3478 indicit,
234 3404 336 3466 domos
342 3407 474 3485 ,templa
489 3415 647 3484 ceteraque
659 3423 753 3464 omma
765 3418 898 3463 exornari
891 3403 1004 3478 rubet
1020 3414 1114 3465 anast
