2442 3975
2 320 6 327 .
76 239 149 292 xre.
166 240 200 290 ro
423 245 514 293 sareu.
531 244 726 293 autumatur,
1029 230 1071 294 ta

78 399 208 475 singulos
223 398 348 470 hortari,
363 397 472 457 veteris
485 398 598 473 gloriae
611 396 763 455 Persarum
779 397 948 474 imperiique
965 413 1070 474 perpe·

78 491 143 540 tuae
165 499 182 540 a
203 481 255 539 dis·
266 480 474 540 immortalibus
495 481 579 539 datae
599 480 795 555 possessionis
814 473 979 540 admonere.
1001 478 1100 544 Posto

77 564 150 623 haee
166 564 310 640 proelium
326 561 488 638 ingentibus
505 564 604 621 animis
620 563 812 621 committitur.
843 561 874 620 ln
895 578 931 620 eo
947 570 1070 639 uterque

76 664 130 705 rex
141 646 317 705 vulneratur.
332 643 401 703 'lum
414 645 461 703 diu
476 655 624 704 certamen
636 662 744 721 anceps
758 643 826 722 fuit,
843 642 939 722 quoad
955 643 1072 720 fugeret

76 727 200 787 Dareus.
231 727 343 786 Exinde
365 728 473 787 caedes
493 728 645 787 Persarum
669 735 770 785 secuta
795 735 849 785 est.
892 723 987 785 (laesa
1008 734 1114 789 suntlo

77 810 205 886 peditum
222 811 373 885 sexaginta
389 828 473 868 unum
493 810 585 882 milia,
607 810 732 885 equitum
753 809 856 867 deoem
872 808 964 875 milia;
986 816 1071 883 oapta

76 891 126 949 XL
140 892 227 950 milia.
245 890 294 950 Ex·
306 890 512 952 Macedonibus
527 892 663 951 eeeidere
679 891 833 968 pedestres
846 899 959 949 eentum
977 888 1071 965 XXX,

77 978 194 1053 equites
218 972 272 1032 ct.
317 973 350 1033 ln
369 975 473 1032 eastris
505 972 658 1032 Persarum
680 972 796 1032 multum
819 972 880 1030 auri
902 979 1116 1030 ceterarum-ll

76 1076 138 1136 que
164 1073 251 1131 opum
278 1057 432 1114 inuentum.
493 1053 572 1113 luter
592 1056 723 1130 captivos
746 1063 904 1112 castrorum
926 1060 1018 1111 mater
1045 1058 1075 1110 et
1085 1060 1118 1114 12

80 1153 155 1197 uxor
175 1137 336 1213 eademque
358 1152 444 1197 soror
466 1145 495 1195 et
516 1135 592 1194 tiliae
614 1134 687 1193 duae
708 1133 798 1192 Darei
816 1133 909 1193 luere.
941 1131 986 1191 hd
1002 1146 1075 1208 quas
1083 1142 1118 1196 13

79 1220 216 1295 visendas
239 1218 452 1297 hortantesque
473 1232 543 1276 eum·
558 1216 727 1276 Alexander
750 1217 879 1289 veniret,
908 1214 1074 1291 eonspeotis

81 1302 196 1361 armatis
213 1302 335 1360 invicem
351 1318 385 1359 se
401 1300 570 1377 amplexae,
592 1299 671 1358 velut
692 1300 787 1358 statim
809 1300 983 1371 moriturae,
1005 1312 1073 1356 oon·

80 1383 273 1462 plorationem
287 1382 447 1443 ediderunt.
477 1382 651 1442 Provolutae
662 1382 767 1442 deinde
777 1380 900 1458 genibus
915 1379 1074 1441 Alexandri
1082 1390 1118 1444 14

80 1482 141 1525 non
159 1475 295 1539 mortem,
317 1465 387 1538 sed,
405 1465 471 1524 dum
490 1464 578 1526 Darei
599 1482 706 1542 eorpus
726 1464 884 1542 sepeliant,
908 1463 1074 1523 dilationem

80 1549 182 1607 mortis
199 1548 403 1624 depresautur.
423 1546 517 1606 blotus
528 1556 605 1606 tanta
620 1547 767 1606 mulierum
785 1549 892 1622 pietate
907 1545 1075 1604 Alexander
1083 1556 1116 1609 15

82 1640 112 1690 et
131 1629 257 1689 Dareum
269 1632 371 1688 vivere
388 1628 459 1689 dixit
480 1638 510 1687 et
531 1628 695 1688 timentibus
710 1628 810 1686 mortis
824 1637 930 1687 metum
952 1627 1076 1705 dempsit

82 1730 193 1790 easque
207 1721 237 1771 et
252 1712 352 1772 haberi
367 1718 398 1769 ut
413 1714 528 1787 reginas
540 1711 706 1788 praecepit;
723 1710 798 1769 lilias
811 1727 929 1789 quoque
943 1725 1001 1768 nou
1013 1718 1119 1774 sor-16

81 1795 175 1856 didius
192 1794 330 1871 dignitate
348 1794 438 1871 patris
454 1810 575 1869 sperare
590 1794 798 1851 matrimonium
813 1794 903 1851 iussit.

148 1877 197 1936 10.
220 1877 289 1936 Post
303 1876 377 1937 haee
394 1888 467 1952 opes
483 1875 571 1934 Darei
587 1875 806 1951 divitiarumque
824 1876 990 1952 adparatum
1006 1885 1103 1937 eon-1

81 1959 237 2038 templatus
253 1959 441 2022 admiratione
456 1966 596 2018 tantarum
610 1974 705 2016 rerum
721 1957 840 2034 eapitur·
864 1955 944 2016 Tune
956 1956 1103 2034 primuml

82 2044 232 2104 luxuriosa
248 2043 381 2102 convivia
397 2050 426 2100 et
440 2040 681 2117 magnificentiam
699 2040 847 2117 plurimum
864 2041 985 2106 sectari;
1008 2048 1075 2098 tune

82 2135 112 2185 et
127 2124 266 2184 Barsinen
282 2126 424 2202 captivam
440 2123 564 2199 diligere
580 2131 703 2200 propter
716 2119 826 2182 formae
838 2120 1075 2199 pulchritudinem

84 2209 198 2284 eoepit:
216 2225 233 2267 a
253 2225 308 2284 qua
330 2215 433 2283 postea
450 2214 619 2283 susceptum
640 2222 759 2282 puerum
780 2203 935 2263 llereulem
951 2204 1107 2266 roravit-‘l

82 2289 194 2349 hlemor
208 2298 303 2349 tamen
318 2289 412 2350 adhue
425 2289 552 2349 Dareum
566 2290 668 2347 rivere
680 2286 867 2346 Parmeniona
883 2286 918 2346 ad
933 2302 1075 2363 ueeupan·
1087 2283 1123 2347 4'
1147 2292 1151 2297 '

83 2373 149 2432 dam
164 2371 309 2433 Persicam
328 2372 452 2433 classem
467 2370 598 2447 aliosque
615 2372 724 2429 amieos
738 2369 774 2429 ad
788 2370 973 2447 recipiendas
987 2368 1075 2427 Asiae

86 2456 219 2515 civitates
234 2457 326 2515 misit:
341 2473 415 2534 quae
432 2453 527 2513 statim
544 2455 639 2512 andita
656 2453 730 2511 lama
742 2453 883 2512 victoriae
898 2453 970 2530 ipsis
985 2450 1101 2514 Dareit

83 2538 243 2615 praefectis
255 2556 319 2597 euru
335 2539 396 2600 auri
407 2553 511 2612 magno
523 2537 654 2612 pondere
664 2534 843 2594 tradentibus
858 2552 891 2594 se
907 2536 936 2594 in
949 2543 1077 2613 potesta·

83 2629 143 2680 tem
163 2622 302 2690 uictorum
323 2628 473 2680 venerunt.
511 2617 591 2677 Tune
612 2620 640 2676 in
660 2617 772 2692 Syriam
793 2617 1005 2696 proficiscitur,
1028 2616 1107 2686 ubit

86 2702 191 2760 obvios
207 2719 269 2760 oum
285 2701 382 2761 infulis
396 2703 502 2761 multos
518 2697 747 2776 orientis'reges
763 2701 870 2761 habuit.
900 2699 946 2760 Ex
961 2700 1006 2759 his
1021 2706 1103 2775 proi

85 2783 196 2841 meritis
214 2783 390 2857 singulorum
406 2784 480 2842 alios
496 2784 524 2842 in
540 2784 711 2843 societatem
728 2785 858 2861 recepit,
878 2781 943 2841 aliis
958 2796 1078 2857 reguum

86 2864 192 2924 ademit
208 2864 337 2924 suffectis
354 2866 389 2923 in·
399 2865 465 2923 loca
480 2882 580 2931 eorum
595 2868 678 2925 novis
693 2865 823 2941 regibus.
852 2863 976 2938 Insignis
990 2871 1105 2940 prae-8

85 2956 131 3007 ter
153 2956 270 3007 eeteros
289 2947 342 3007 fult
364 2947 601 3024 Abdalonymus,
620 2966 675 3008 rex
696 2946 732 3006 ab
754 2945 921 3006 Alexandro
941 2943 1078 3004 Sidoniae

87 3031 274 3090 constitutus:
287 3048 371 3108 quem
384 3030 561 3106 Alexander,
569 3046 633 3089 eum
642 3044 761 3106 operam
769 3029 909 3088 obloeare
925 3026 960 3086 ad
975 3034 1109 3104 puteosa
1177 3078 1180 3082 ,

86 3112 299 3174 exhauriendos
313 3114 473 3192 hortosque
497 3113 664 3191 inrigandos
680 3111 789 3171 solitus.
801 3118 897 3187 esset,
915 3110 1021 3169 misere
1037 3108 1078 3166 vi·

85 3203 142 3254 tam
160 3196 344 3257 exhibentem
358 3216 461 3275 regem
476 3197 589 3256 leoerat
604 3196 711 3274 spretis
729 3192 890 3269 nobilibus,
909 3210 945 3251 ue
960 3193 1078 3268 generis

86 3276 131 3352 id,
149 3296 207 3340 nou
231 3279 324 3340 dantis
344 3280 517 3340 benelioium
542 3287 687 3355 putarent.
722 3275 873 3350 Tyriorum
895 3276 997 3335 civitas
1017 3279 1123 3337 eumlo

88 3376 224 3422 eoronam
236 3379 352 3421 auream
367 3363 462 3440 magni
476 3362 615 3438 ponderis
633 3378 688 3437 per
703 3360 818 3435 legatos
838 3362 867 3417 iu
886 3358 997 3419 titulum
1013 3374 1077 3434 gra-

86 3442 234 3505 tulationis
251 3443 420 3506 Alexandro
436 3445 580 3518 misisset,
597 3452 680 3521 grate
697 3458 817 3501 munere
833 3450 958 3521 accepto
973 3440 1079 3516 Tyrum
