2442 3975
140 192 204 259 tui
385 250 390 259 ,
507 198 615 249 ιιοιιι
629 175 780 247 ιοιιιιιι
964 189 1055 244 xnlv
1069 195 1127 246 as

135 357 235 431 Nova,
252 369 430 430 occupatam
442 351 521 411 inde
537 349 712 413 Callaeciam
729 353 870 412 transisse
888 362 918 412 et
933 352 1037 430 positis
1051 351 1128 410 sedi-

106 442 190 507 4bus
214 438 294 514 penti
317 451 421 495 nomen
435 433 561 516 dedisse.
598 433 766 494 Gallaeciae
783 444 878 495 autem
894 436 990 513 portio
1009 433 1128 512 Amphi·

134 521 217 591 loclti
234 519 374 580 dicuntur.
401 516 498 593 Regio
514 535 578 576 cum
595 518 672 576 aeris
690 534 725 577 ac
738 518 847 595 plumbi
861 518 1017 592 uberrima,
1030 517 1088 575 tum
1099 525 1130 575 et

109 605 241 679 smiuio,
256 601 334 679 quod
350 601 435 659 etiam
449 600 545 658 vicino
560 600 667 659 llnmini
680 616 785 660 nomeu
796 600 884 662 dedit.
916 600 996 660 Auro
1012 616 1129 677 quoquc

138 686 291 750 ditissima:
311 681 385 742 adeo
401 690 432 741 ut
446 683 532 741 etiam
546 690 642 742 aratro
656 683 827 761 frequenter
841 683 945 759 glebas
960 699 1064 742 aureas
1079 700 1129 741 ex·

108 770 242 837 noidant.
281 765 313 824 ln
328 766 412 826 huius
429 766 524 841 gentis
542 764 645 824 finibus
664 783 750 825 sacer
762 782 845 825 mons
862 775 924 839 est,
946 783 1031 843 quem
1049 765 1130 823 ferro

138 851 242 912 violari
258 849 340 909 nefas
354 848 491 908 habetur:
507 848 560 908 sed
575 851 600 908 si
616 849 730 926 quando
745 849 860 926 fulgure
880 858 960 908 terra
982 849 1131 925 proscissa

100 978 103 984 -
141 943 196 1010 est,
212 930 290 1010 quod
301 933 330 990 in
345 931 391 992 lris
406 930 482 990 locis
497 931 617 992 adsidua
633 948 682 990 res
698 941 760 1007 cst,
776 932 922 992 detectum
938 949 1035 990 aurum
1052 929 1133 989 velut

112 1019 189 1085 tdei
208 1025 309 1076 munus
332 1013 478 1091 colligere
498 1015 680 1092 permittitur.
726 1013 863 1074 Feminae
884 1032 934 1073 res
955 1014 1138 1073 domesticas¹

141 1115 334 1178 agrorumque
351 1097 478 1157 culturas
494 1097 706 1171 administrant,
730 1098 785 1174 ipsi
800 1099 887 1157 armis
902 1105 931 1156 et
945 1097 1053 1174 rapinis
1070 1112 1133 1154 ser·

113 1188 228 1250 solunt.
262 1181 424 1256 Praecipua
443 1179 488 1239 his
512 1180 628 1257 quidem
647 1179 722 1241 terri
743 1182 879 1254 materia,
905 1179 958 1239 sed
982 1181 1131 1256 aquaipso

140 1268 220 1327 ferro
240 1263 410 1325 violentior:
437 1265 546 1340 quippe
568 1270 798 1338 temperamento
822 1265 884 1322 eius
903 1263 1011 1321 ferrum
1037 1262 1133 1320 acrius

141 1347 286 1424 redditur,
298 1363 353 1404 nec
367 1344 454 1404 ullum
472 1345 547 1422 apud
562 1362 617 1404 eos
632 1343 721 1404 telum
738 1345 894 1423 probatur,
913 1344 991 1421 quod
1009 1361 1066 1403 uon
1085 1352 1135 1403 aut

112 1441 130 1495 9
142 1430 240 1491 Bilbili
258 1429 345 1488 lluvio
357 1437 404 1488 aut
415 1425 548 1503 chalybe
559 1429 713 1503 tinguatur.
728 1427 812 1488 Unde
824 1429 908 1487 etiam
920 1425 1069 1501 Chalybes
1081 1425 1133 1484 du·

140 1513 269 1573 viihuius
282 1511 391 1570 finitimi
404 1511 543 1588 appellati
555 1510 695 1587 ferroque
708 1512 977 1588 cetertspraestare
991 1509 1132 1568 dicuntur.

113 1609 129 1661 1
204 1598 234 1655 4.
257 1595 355 1655 Saltus
380 1611 450 1653 vero
472 1592 687 1667 Tartesiorum,
724 1592 873 1671 inquibus
890 1591 1006 1652 Titanas
1024 1591 1134 1651 bellum

143 1679 281 1739 adversus
306 1678 379 1738 deos
390 1678 521 1752 gessisse
533 1676 682 1755 proditur,
696 1676 848 1735 incoluere
861 1674 999 1750 Cunctos,
1008 1690 1134 1772 quorum

140 1779 195 1822 rex
210 1759 421 1820 vetustissimus
439 1757 577 1835 Gorgonis
590 1758 686 1818 mellis
701 1758 860 1836 colligendi
874 1776 956 1817 usum
971 1759 1079 1834 primos
1092 1758 1133 1814 in·

114 1844 231 1904 tacuit.
259 1841 332 1902 lluic
348 1859 413 1900 cum
426 1859 463 1902 ex
480 1841 557 1901 tiliae
575 1850 677 1918 stupro
691 1858 784 1918 nepos
804 1843 1004 1919 provenisset,
1021 1839 1135 1925 pudore

144 1925 246 2003 flagitii
269 1924 355 1983 variis
371 1924 530 2002 generibus
554 1925 683 2001 extingui
703 1924 851 2002 parvulum
871 1923 977 1983 voluit:
1002 1914 1056 1982 sed
1080 1940 1137 2002 per

33 2011 36 2016 “
143 2026 245 2069 omnes
256 2025 346 2068 ‚casus
358 2008 473 2068 fortuna
488 2007 609 2085 quadam
626 2017 759 2067 servatos
774 2007 809 2067 ad
828 2016 1003 2085 postremum
1015 2007 1051 2067 ad
1067 2024 1134 2082 reg·

113 2102 208 2156 dnum
223 2099 266 2150 tot
283 2089 477 2168 periculorum
490 2092 676 2150 miseratione
694 2092 867 2167 pervenit·
857 2089 994 2150 ·Primum
1010 2090 1136 2150 omnium

142 2193 207 2234 oum
229 2191 293 2233 eum
317 2175 424 2250 exponi
448 2174 585 2232 iussisset
609 2183 639 2233 ct
660 2181 727 2250 post
747 2172 810 2233 dies
829 2173 866 2233 ad
881 2190 990 2250 corpus
1008 2173 1136 2249 expositi

116 2319 120 2328 ,
142 2255 347 2336 requirendum
365 2257 507 2331 misisset,
529 2258 661 2315 inventus
682 2264 728 2314 est
750 2258 832 2315 vario
847 2255 974 2316 ferarum
989 2254 1065 2315 lacte
1083 2272 1136 2313 uu·

114 2342 234 2401 dtritus.
264 2337 378 2400 Deinde
397 2338 519 2400 relatum
541 2338 655 2399 domum
682 2338 794 2398 tramite
818 2348 958 2415 angusto,
979 2353 1136 2415 perquem

143 2429 271 2482 armenta
284 2438 447 2481 commeare
458 2430 682 2495 consueverant,
698 2422 791 2500 proici
807 2421 896 2497 iubet,
911 2420 1038 2480 crudelis
1051 2437 1136 2497 pror·

144 2522 210 2578 sus,
235 2504 283 2581 qui
307 2503 471 2581 proculcari
492 2513 630 2582 nepotem
651 2521 735 2581 quam
748 2503 879 2582 'simplici
898 2511 991 2562 morte
1011 2501 1137 2562 interfici

114 2586 252 2648 amaluit.
290 2584 334 2646 Ibi
352 2601 468 2663 quoque
488 2604 550 2646 cum
566 2586 721 2646 inviolatus
738 2596 889 2646 essetnec
904 2586 1047 2646 alimentis
1065 2603 1137 2661 epe·

143 2678 206 2744 ret,
238 2667 356 2728 canibus
380 2671 472 2746 primo
495 2670 597 2729 ieiunis
619 2678 649 2729 et
669 2668 821 2729 multorum
839 2669 949 2728 dierum
963 2668 1137 2728 abstinentia
1181 2725 1188 2736 ,

115 2752 297 2827 ocruciatis,
319 2767 387 2810 mox
408 2754 492 2813 etiam
509 2751 608 2811 suibus
626 2752 743 2811 obiecit.
774 2751 876 2831 ltaque
892 2769 955 2811 cum
965 2768 1028 2811 non
1043 2750 1138 2810 solum

144 2852 203 2894 non
226 2843 398 2932 noceretur,
426 2853 525 2894 verum
548 2837 634 2895 etiam
652 2834 827 2934 quarundam
843 2834 979 2893 uberibus
996 2835 1136 2906 aleretur,

116 2916 182 2979 'lad
204 2913 362 2976 ultimum
353 2935 382 2976 ιι
406 2934 546 2978 oceanum
568 2917 645 2977 abici
670 2918 763 2976 iussit
794 2916 864 2976 Tum
880 2917 967 2994 plane
982 2917 1138 2976 manifesto

97 3004 101 3012 '
145 2999 269 3078 quodam
284 3000 397 3059 numine
413 3002 488 3060 inter
504 3001 636 3060 furentes
646 3009 744 3058 aestus
756 3017 791 3059 ac
802 2997 1023 3076 reciprocantes
1034 2997 1137 3073 undas,

144 3082 225 3141 velut
238 3100 329 3157 nave,
336 3100 407 3152 ιιι
423 3083 510 3143 ductu
521 3083 693 3158 veheretur,
711 3067 770 3141 leni
788 3083 873 3142 salo
866 3101 894 3141 ιι
908 3083 994 3143 litore
1011 3082 1137 3159 exponi·
1153 3119 1155 3123 -

145 3174 201 3237 tur,
213 3183 269 3225 nec
280 3165 370 3226 multo
383 3175 450 3245 post
463 3184 551 3226 cerva
565 3164 666 3241 adfuit,
678 3182 753 3242 quae
768 3165 858 3225 obera
873 3166 994 3242 parvolo
1005 3165 1137 3223 offerret.

0 3286 1 3343 ι
117 3246 217 3310 elude
238 3247 362 3326 denique
379 3250 601 3310 couversatione
620 3249 738 3307 nutricis
754 3249 857 3307 eximia
871 3264 964 3325 puero
979 3248 1139 3325 pernicitas

146 3330 216 3404 luit,
240 3332 374 3408 interque
394 3348 549 3392 cervorum
570 3347 680 3407 greges
699 3330 746 3390 diu
768 3339 881 3390 montes
897 3331 1045 3407 saltusque
1061 3328 1139 3388 haud

117 3409 267 3470 tinierior
281 3412 439 3473 velocitate
454 3414 631 3492 peragravit.
664 3412 710 3471 Au
724 3421 902 3493 postremum
915 3413 1021 3490 laqueo
1034 3419 1138 3491 captus
