2442 3975
512 193 768 265 raonrro'urnr
1037 207 1140 262 1x1.a

453 450 670 569 LIBER·
698 450 824 526 VIIII.
933 462 956 481 ·“

110 636 126 688 1
206 624 233 681 1.
259 592 294 682 lo
312 619 462 683 Graeciam
476 621 625 699 Philippus
644 640 707 683 cum
723 626 863 701 venisset,
883 626 1055 686 sollicitatus
1070 643 1140 704 pau·

141 723 239 765 carum
256 706 412 765 civitatium
424 704 587 782 direptione
604 713 634 764 et
650 723 687 764 ex
705 708 814 784 praeda
827 709 1004 768 modicarum
1018 707 1139 781 urbium,

139 797 263 867 quantae
279 805 352 865 opes
373 789 571 847 universarum
585 798 709 864 essent,
734 792 827 850 animo
844 793 1046 871 prospiciens,
1078 791 1140 849 bel

109 872 196 934 alum
226 873 279 930 toti
301 869 443 930 Graeciae
472 870 581 929 inferre
607 872 725 931 statuit.¹
752 872 785 932 ln
810 876 890 933 cuius
918 874 1141 934 emolumentum

140 950 262 1031 egregie
283 955 433 1032 pertinere
457 952 553 1029 iatus,
580 954 605 1012 si
627 954 810 1032 Byzantium,
828 956 960 1016 'nobilem
983 967 1013 1016 et
1035 957 1140 1016 mariti·

138 1055 212 1095 mam
233 1036 349 1111 urbe'm,
374 1036 591 1115 receptaculum
612 1047 690 1097 terra
716 1041 846 1117 marique
869 1041 961 1117 copiis
984 1042 1043 1099 suis
1066 1039 1141 1097 iutu-

138 1137 217 1196 rum,
240 1121 268 1178 in
286 1127 460 1198 potestatem
473 1120 650 1195 redegisset,
671 1121 793 1181 eandam
809 1123 989 1181 claudentem
1005 1122 1060 1181 sibi
1074 1139 1142 1199 por·
1197 1178 1199 1181 .

110 1211 183 1269 etas
211 1203 362 1263 obsidione
391 1203 488 1264 cinxit.
528 1201 608 1262 haec
636 1221 759 1280 namque
782 1203 853 1263 urbs
880 1205 994 1263 condita
1015 1205 1143 1282 primoa

138 1286 293 1358 Pausania,
314 1301 387 1360 rege
401 1285 624 1361 Spartanorum,
646 1295 675 1344 et
691 1303 746 1363 per
762 1295 875 1363 septem
891 1302 982 1344 annos
999 1294 1143 1364 possessa

138 1367 206 1433 luit;
238 1367 304 1426 dein
321 1364 451 1425 variante
476 1367 598 1425 victoria
624 1385 700 1426 nunc
725 1367 1045 1443 Lacedaemoniorum,
1067 1387 1143 1428 nuno

111 1449 358 1514 antheniensium
372 1449 441 1508 iuris
460 1447 557 1508 habita
578 1457 638 1508 est:
669 1467 743 1528 quae
760 1451 871 1510 incerta
894 1453 1047 1529 possessio
1072 1452 1142 1510 elie·

138 1534 193 1607 cit,
216 1540 247 1592 ut
269 1533 383 1591 nemine
404 1532 487 1621 quasi
511 1548 591 1590 suam
611 1532 726 1591 auxiliis
747 1535 862 1593 iuvante
888 1533 1051 1595 libertatem
1072 1551 1141 1594 con·

108 1631 124 1680 5
140 1617 259 1675 stantius
276 1623 414 1675 tueretur.
442 1614 533 1691 igitur
550 1614 700 1693 Philippus
715 1616 804 1692 longa
819 1612 981 1679 obsidionis
995 1634 1075 1677 mora
1090 1635 1141 1676 ex-

110 1699 260 1763 bhaustus
274 1698 416 1777 pecuniae
439 1700 633 1757 commercium
657 1699 694 1757 dc
713 1700 834 1777 piratica
856 1709 1008 1761 mutuatur.
1041 1699 1142 1777 Captis

139 1785 237 1860 itaque
264 1791 376 1842 centum
390 1778 468 1840 LXX
488 1779 608 1839 navibus
631 1785 769 1841 mercium
795 1790 825 1841 et
840 1782 985 1844 distractis
1006 1781 1141 1843 anhelan-

109 1874 196 1929 7tem
217 1866 344 1944 inopiam
368 1863 514 1942 paululum
536 1866 692 1923 recrearit.
729 1862 866 1942 Deinde,
898 1867 1038 1925 nennius
1060 1865 1142 1924 urbis

132 1950 357 2027 'oppugnatione
371 1956 466 2008 tantus
484 1947 633 2007 exercitus
647 1955 809 2026 tereretur,
833 1948 983 2028 proiectus
1000 1947 1141 2008 oum'for·

109 2032 254 2097 atissimis
290 2025 395 2091 multa's
433 2028 633 2090 cherronensi
665 2031 754 2091 urbes
789 2041 955 2110 expugnat,
993 2030 1142 2108 liliumque

137 2114 353 2190 Alexandrum,
376 2114 479 2174 decern
495 2122 525 2173 et
539 2123 712 2174 octo'annos
727 2123 832 2190 natum,
859 2123 889 2173 ut
905 2113 959 2172 sub
974 2113 1074 2173 militia
1092 2131 1142 2191 pa·

109 2199 188 2262 9tris
204 2198 338 2257 tirocinii.
351 2196 510 2257 rudimenta
527 2197 714 2275 deponeret,
736 2198 771 2257 ad
793 2214 826 2256 se
847 2198 980 2257 arcessit.
1016 2195 1047 2255 lo
1070 2196 1142 2270 Scy·

137 2279 224 2338 thiam
251 2298 369 2358 quoque
394 2279 552 2358 praedandi
579 2297 667 2340 causa
684 2280 835 2358 profectus
862 2290 926 2356 est,
949 2289 1030 2339 more
1052 2294 1142 2355 nego·

138 2363 267 2422 tiantium
282 2364 418 2441 inpensas
434 2362 506 2421 belli
525 2363 582 2422 alio
594 2363 680 2422 'bello
697 2364 874 2423 refecturus.

111 2458 127 2509 1
202 2446 231 2503 2.
254 2444 325 2505 Erat
346 2462 383 2504 eo
404 2454 537 2524 tempore
567 2465 622 2505 rex
647 2446 819 2520 Scytharum
841 2444 970 2520 htheas,
1005 2445 1053 2522 qui
1080 2461 1143 2502 com

27 2601 29 2604 Ι
137 2527 218 2587 bello
249 2527 456 2587 Histrianorum
487 2538 686 2606 premeretur,
721 2528 858 2587 auxilium
889 2546 904 2587 a
931 2527 1066 2606 Philippo
1090 2542 1145 2603 per

137 2611 368 2689 Apollonienses
394 2613 481 2691 petit,
505 2612 534 2669 in
561 2611 780 2671 successionem
807 2628 872 2670 enm
896 2612 980 2688 regni
1005 2609 1144 2685 Scythiae

109 2695 343 2775 tadoptatorus:
383 2713 447 2754 cum
472 2695 586 2755 interim
616 2694 827 2757 Histrianorum
855 2713 910 2769 rex
938 2693 1085 2754 decedens
1116 2698 1146 2750 et

65 2794 74 2804 ’
111 2778 300 2843 3metubelli
323 2789 352 2838 et
372 2778 544 2839 auxiliorum
565 2780 742 2838 necessitate
766 2778 890 2852 Scythas
913 2777 1010 2838 solvit.
1043 2774 1144 2853 Itaque

137 2863 250 2922 Atheas
263 2862 393 2921 remissis
407 2860 619 2920 Macedonibus
635 2862 758 2920 nuntiari
773 2860 908 2939 Philippo
923 2858 1021 2933 iubet,
1047 2874 1145 2935 neque

62 2996 68 3006 .
108 2947 355 3008 taoxiliumeius
372 2962 404 3004 se
424 2946 536 3023 petisse
556 2961 653 3022 neque
675 2944 861 3023 adoptionem
882 2941 1050 3001 mandasse:
1081 2958 1146 2998 nam

137 3047 234 3108 neque
249 3030 375 3090 vindicta
393 3027 584 3089 Macedonum
599 3044 690 3103 egere
709 3027 850 3102 Scythas,
878 3022 981 3102 quibos
1005 3021 1146 3081 meliores

111 3114 255 3188 ctorem,
283 3130 380 3192 neque
402 3110 541 3170 heredem
560 3109 615 3174 sihi
639 3110 775 3195 incolumi
792 3094 852 3167 lilio
871 3108 989 3166 deesse.
1022 3102 1074 3163 llis
1096 3122 1145 3164 au·

140 3196 208 3256 ditis
223 3193 374 3275 Philippus
391 3194 506 3272 legatos
523 3192 558 3252 ad
576 3191 700 3252 Atheam
726 3193 811 3252 mittit
829 3193 969 3268 inpensae
984 3187 1146 3247 obsidionis

139 3281 306 3356 portionem
332 3286 485 3356 petentes,
515 3293 552 3335 ne
576 3277 673 3354 inopia
698 3276 840 3335 deserere
868 3273 977 3333 bellurn
1008 3277 1146 3347 cogatur:
1202 3349 1209 3357 ⁵

112 3362 221 3438 oqacd
238 3379 278 3440 eo
290 3363 451 3439 promptius
467 3377 532 3419 eum
548 3359 649 3418 lacere
666 3359 797 3434 debere,
824 3355 901 3436 quod
919 3355 1014 3415 missis
1029 3369 1050 3413 a
1067 3370 1099 3412 se
1117 3354 1147 3410 in

140 3444 278 3501 auxilium
295 3445 357 3502 aius
372 3442 509 3502 militibus
522 3458 560 3500 ne
576 3449 720 3520 sumptum
736 3438 851 3518 quidem
873 3440 956 3514 viae,
985 3454 1044 3498 non
1058 3435 1146 3495 modo
