2442 3975
119 147 161 209 56
216 127 222 139 ’
502 155 611 204 raom
627 156 759 229 eonem
988 150 1056 203 v111
1069 155 1125 205 uo

92 321 198 379 fisent;
215 309 431 384 Phocensibus,
454 309 532 387 qnod
546 309 698 369 Boeotiam
712 309 883 388 depopulati
898 321 1015 372 essent:
1039 328 1119 391 pror·

121 414 172 455 sus
187 395 269 473 quasi
294 401 362 471 post
387 409 465 452 arona
481 401 510 451 et
535 391 645 452 bellum
663 393 761 462 locum
787 393 902 471 legibus
923 395 1118 473 reliquissent.

92 477 194 544 tcum
216 477 349 536 iudicium
367 475 490 534 arbitrio
509 477 651 535 victorum
675 485 881 553 exerceretur,
904 487 982 538 tauta
999 477 1121 557 pecunia

92 562 304 635 8damnantur,
334 566 439 636 quanta
467 557 581 617 exsolvi
603 575 662 617 non
684 569 798 637 posset.
837 558 928 637 igitur
953 561 1120 621 Phocenses

123 662 187 719 oum
202 644 296 720 agris,
314 640 414 701 liberis
431 642 662 719 coniugibusque
677 644 875 720 privarentur,
896 644 1059 722 desperatis
1074 660 1120 701 re·

122 728 177 787 bus
190 725 351 786 Philomelo
374 724 499 802 quodam
522 725 596 784 duce
621 725 702 784 velut
722 727 779 785 deo
802 727 963 786 irascentes
984 726 1121 804 templum

89 810 266 888 obpollinis
282 807 407 886 Delphis
423 823 619 885 occupavere.
649 804 721 867 Inde
736 825 818 868 auro·
828 817 857 868 et
873 811 997 887 pecunia
1014 809 1120 879 divites

80 892 266 971 10'copducto
279 892 480 951 mercennario
493 890 699 950 militebellum
707 890 853 951 Thebanis
867 893 1033 953 intulerunt.
1050 890 1121 950 Fac·

122 985 181 1036 tum
200 975 407 1050 Phocensium,
435 975 559 1033 tametsi.
576 990 677 1033 omnes
700 984 908 1039 execrarentur
932 984 1054 1054 propter
1078 991 1122 1032 sa·
1158 986 1166 1000 ⁸

124 1059 290 1134 crilegium,
319 1058 385 1137 plus
399 1066 494 1118 tamen
508 1056 633 1117 invidiae
649 1056 813 1133 Thebanis,
841 1075 857 1117 a
873 1058 977 1136 quibus
991 1057 1034 1119 'ad
1050 1056 1125 1116 hanc

81 1143 328 1205 llnecessitatem
350 1140 484 1218 conpulsi
510 1140 642 1216 inerant,
665 1159 757 1219 ¹quam
782 1140 854 1218 ip'sis
873 1140 976 1199 intulit.
1022 1140 1125 1216 ltaque

124 1223 286 1285 auxiliahis
313 1232 342 1281 et
366 1220 402 1282 ab
428 1220 654 1289 Atheniensibus
678 1234 707 1282 et
729 1241 746 1282 a
765 1223 1001 1282 Lacedaemoniis
1025 1224 1136 1289 missa„

81 1308 216 1371 12Prima
231 1306 319 1380 igitur
332 1304 544 1383 congressione
553 1303 729 1365 Philomelus
743 1304 899 1364 Thebanos
915 1305 1018 1365 castris
1034 1307 1124 1364 exuit.

81 1387 264 1466 13Sequenti
279 1386 394 1463 proelio
412 1386 519 1464 primus
540 1389 615 1447 iuter
638 1387 868 1447 confertissimos
887 1388 1024 1447 dimicans
1047 1388 1123 1447 ceci-

80 1471 164 1534 14dit
179 1480 209 1529 et
226 1470 374 1545 sacrilegii
389 1485 500 1547 poenas
516 1470 604 1571 impio
622 1471 762 1548 sanguine
778 1471 838 1531 luit
871 1469 902 1531 ln
923 1471 1007 1531 buius
1029 1470 1123 1531 lucrum

11 1560 26 1589 -’
124 1554 182 1613 dux
199 1551 396 1612 Onomarchus
413 1561 577 1613 creatum·

95 1649 112 1699 1
188 1635 217 1694 2.
239 1634 391 1695 Adversus
406 1653 492 1714 quem
508 1636 639 1697 Thebani
659 1637 853 1714 Thessalique
873 1655 931 1697 non
953 1656 990 1697 ex
1013 1635 1125 1694 civibus

124 1719 201 1793 suis,
224 1736 261 1776 ne
284 1719 403 1777 victoris
424 1721 583 1797 potentiam
603 1721 683 1780 ierre
703 1738 761 1781 non
780 1730 919 1798 possent,
942 1721 996 1784 sed
1018 1717 1123 1793 Philip·

95 1813 193 1898 upum
208 1799 399 1863 Macedoniae
417 1820 519 1899 regem
542 1802 645 1866 ducem
664 1803 791 1880 eligunt,
822 1813 851 1864 et
877 1814 1025 1865 externae
1034 1801 1123 1860 domi-

95 1885 247 1960 arationi,
272 1901 356 1962 quam
372 1884 401 1942 in
421 1886 482 1943 suis
499 1887 671 1962 timuerunt,
702 1896 809 1964 sponte
830 1887 998 1947 succedunt.
1034 1883 1126 1958 Igitur

61 2007 64 2012 «
123 1966 290 2046 Philippus,
322 1969 403 2045 quasi
428 1968 592 2046 sacrilegii,
620 1986 678 2029 non
703 1968 904 2031 Thebanorum
929 1970 1007 2029 ultor
1031 1974 1123 2040 esset,

124 2069 225 2111 omues
247 2050 352 2110 milites
372 2068 498 2112 coronas
515 2052 632 2112 laureas
648 2071 764 2114 sumere
781 2053 876 2128 iubet,
906 2062 993 2131 atque
1015 2053 1053 2110 ita
1074 2068 1124 2108 ve·

94 2134 176 2198 dluti
191 2135 247 2195 deo
265 2133 339 2194 duce
363 2135 391 2193 in
403 2134 547 2211 proelium
569 2137 676 2213 pergit.
707 2137 875 2197 Phocenses
896 2134 1057 2213 insignibus
1077 2133 1125 2192 dei

125 2219 294 2296 conspectis
317 2219 495 2277 conscientia
516 2217 690 2279 delictorum
712 2220 805 2280 territi
827 2219 950 2279 abiectis
972 2219 1058 2277 armis
1079 2215 1125 2274 iu-

123 2318 190 2377 gum
216 2308 388 2377 capessunt,
415 2313 587 2378 poenasque
607 2304 735 2363 violatae
758 2302 908 2378 religionis
932 2301 1071 2377 sanguine
1095 2304 1125 2355 et

96 2382 264 2447 5caedibus
289 2384 348 2442 suis
375 2384 512 2461 pendunt.
551 2383 727 2457 Incredibile
754 2394 887 2464 quantum
914 2401 949 2443 ea
974 2400 1024 2441 res
1049 2378 1125 2457 apud

95 2477 224 2530 §omnes
237 2468 369 2526 nationes
384 2467 517 2545 Philippo
536 2468 649 2545 gloriae
666 2469 761 2529 dedit:
783 2467 863 2527 illum
877 2466 1021 2525 vindicem
1036 2464 1125 2523 sacri·

124 2549 209 2626 legii,
237 2548 317 2624 illum
331 2549 455 2609 ultorem
469 2551 658 2627 religionum
687 2551 766 2629 quod
787 2550 867 2608 orbis
886 2548 995 2609 viribus
1014 2545 1126 2625 expiari

95 2632 240 2707 idebuit,
269 2632 363 2694 solum
388 2634 435 2710 qui
456 2634 569 2710 piacula
593 2636 728 2711 exigeret
750 2634 891 2698 extitisse.
930 2631 1055 2708 Dignum
1074 2631 1124 2688 ita·

124 2733 181 2793 que
196 2715 245 2793 qui
266 2733 283 2775 a
303 2715 347 2775 dis
364 2717 684 2795 proximushabeatur,
708 2734 863 2796 perquem
884 2716 1006 2778 deorum
1022 2714 1125 2773 maies-

94 2807 168 2863 διας
183 2799 327 2859 vindicata
345 2801 391 2859 sit.
422 2799 482 2866 Sed
502 2799 699 2860 Athenienses
725 2801 823 2861 audito
846 2800 918 2860 belli
939 2808 1062 2873 eventu,
1088 2812 1125 2854 ne

123 2883 152 2940 in
172 2879 323 2941 Graeciam
346 2879 496 2961 Philippus
519 2885 670 2957 transiret,
698 2885 846 2960 angustias
866 2881 1127 2960 Thermopylarum

124 2965 188 3042 pari
209 2966 321 3024 ratione
353 2964 437 3024 sicuti
459 2974 544 3025 antea
565 2966 789 3026 advenientibus
806 2968 904 3026 Persis
929 2979 1125 3041 occupavere,

95 3047 178 3114 osed
194 3066 376 3126 nequaquam
398 3048 483 3114 simili
504 3057 551 3109 ant
565 3050 671 3108 virtute
692 3058 741 3110 ant
768 3067 869 3109 causa:
898 3047 1042 3126 siquidem
1059 3054 1127 3103 tuuc

123 3146 178 3207 pro
193 3130 329 3198 libertate
345 3129 504 3208 Graeciae,
524 3150 600 3192 nunc
617 3149 671 3211 pro
687 3132 845 3209 sacrilegio
861 3130 996 3210 publico;
1021 3137 1090 3188 tunc
1109 3144 1126 3186 a

122 3215 224 3290 rapina
244 3215 369 3274 hostium
384 3215 491 3292 templa
518 3216 725 3304 vindicaturi,
732 3233 806 3275 nunc
829 3216 970 3275 adversus
994 3211 1127 3272 vindices

81 3296 298 3394 lotemplornm
312 3307 447 3375 raptores
460 3298 624 3360 defensuri:
649 3308 795 3378 aguntque
813 3306 1047 3377 propugnatores
1062 3310 1126 3353 sce

80 3376 213 3458 llleris,
241 3381 322 3438 cuius
347 3389 433 3458 turpe
459 3390 522 3441 erat
547 3382 623 3441 alios
648 3382 780 3441 vindices
803 3382 909 3441 inisse:
944 3382 1128 3440 immemores
