2442 3975
158 202 222 264 206
528 204 783 260 reomensem
924 284 930 294 .
979 205 1164 259 xalta-4

67 433 69 436 Α
158 370 274 445 genito,
298 365 427 426 Colchos
439 367 576 444 repetivit
589 383 783 443 socerumque
796 365 918 441 Aeetam
939 384 1030 443 regno
1045 366 1164 444 pulsum

157 452 292 511 restituit.

129 547 144 597 l
225 533 253 594 3.
285 531 389 608 Magna
412 531 515 591 deinde
538 531 694 591 bellacum
724 534 849 592 linitimis
874 534 968 609 gessit
996 541 1161 610 captasque

104 650 115 668 ·
159 618 291 676 civitates
307 618 409 694 partim
426 617 633 691 regno·sooeri
660 615 696 674 ad
721 616 894 683 abolendam
921 617 1082 693 superioris
1107 616 1159 674 mi-

158 700 238 759 litiae
258 701 406 781 iniuriam,
429 716 485 776 qua
509 698 596 757 liliam
620 699 683 757 eius
697 697 830 758 Medeam
847 699 1007 773 abduxerat
1025 708 1054 758 et
1069 699 1158 758 lilium

159 781 323 859 Aegialium
350 781 554 857 interfecerat,
582 780 728 857 adiunxit,
752 785 853 860 partim
869 783 1003 861 populis,
1020 800 1095 859 quos
1111 800 1158 841 se·

130 875 147 927 2
161 884 223 924 cum
240 865 422 939 adduxerat,
440 865 602 941 adsignavit
617 865 783 942 primusque
799 865 984 925 humanorum
1002 876 1069 943 post
1083 862 1159 924 Her·

159 948 255 1006 culem
278 958 306 1007 et
322 948 475 1021 hiberum,
500 948 548 1025 qui
563 965 653 1022 reges
669 948 789 1007 orientis
804 948 894 1008 inisse
910 948 1074 1023 traduntur,
1093 965 1159 1007 earn

129 1031 234 1094 baaeli
251 1032 366 1108 plagam
382 1032 527 1095 domuisse
543 1030 655 1089 dicitur.
674 1031 792 1109 Populis
808 1031 977 1108 quibusdam
989 1035 1008 1101 's
1021 1030 1159 1090 Prndium

159 1123 189 1173 et
205 1114 445 1191 Amphistratum‚
462 1116 578 1189 aurigas
595 1111 724 1173 Castoris
743 1124 771 1173 et
786 1115 930 1189 Pollucis,
948 1115 1038 1174 duces
1061 1115 1159 1189 adsig-

97 1218 99 1222 ’
130 1200 245 1259 4navit.
273 1194 343 1255 (lum
357 1194 478 1255 Albanis
498 1195 602 1255 foedus
620 1191 777 1273 percussit,
789 1200 837 1275 qui
851 1197 1006 1258 Herculem
1022 1217 1059 1256 ex
1074 1197 1160 1256 ltalia

159 1281 196 1339 ab
215 1279 330 1339 Albano
348 1289 461 1353 monte,
484 1298 546 1338 cum
563 1278 699 1354 Geryone
716 1282 844 1339 extincto
867 1291 997 1341 armenta
1018 1282 1082 1339 eius
1105 1288 1160 1357 per

159 1362 270 1421 ltaliam
291 1362 431 1436 duceret,
455 1364 548 1420 secuti
570 1361 718 1437 dicuntur,
744 1366 850 1441 quique
872 1382 1017 1423 memores
1036 1362 1158 1422 Italicae

160 1447 281 1521 originis
300 1444 459 1504 exercitum
477 1444 529 1503 Gn.
550 1444 670 1522 Pompei
686 1446 766 1505 bello
784 1445 976 1507 Mithridatico
992 1448 1097 1506 iratres
1112 1463 1157 1503 sa·

130 1530 301 1592 clutavere.
334 1528 434 1604 ltaque
450 1527 545 1587 Iasoni
554 1536 638 1609 ¹totus
655 1529 746 1588 ferme
762 1531 859 1588 oriens
880 1539 909 1588 ut
926 1529 1069 1590 conditori
1086 1529 1157 1587 divi-

160 1630 215 1671 nos
233 1612 361 1670 honores
377 1612 544 1689 templaque
561 1614 718 1687 constituit,
736 1630 810 1689 quae
818 1613 998 1688 Parmenion,
1014 1612 1071 1670 dux
1086 1610 1157 1669 Ale·

161 1694 262 1754 xandri
279 1694 391 1769 magui,
409 1704 477 1771 post
492 1695 597 1753 multos
614 1712 703 1753 annos
716 1695 793 1753 dirui
809 1697 906 1770 iussit,
931 1714 968 1754 ne
990 1696 1156 1771 cuiusquam

130 1788 266 1840 cnomen
284 1780 320 1834 in-
336 1778 448 1835 oriente
466 1770 770 1854 venerabilius'quam
791 1777 949 1836 Alexandri
966 1786 1053 1836 esset.
1087 1776 1157 1834 Post

160 1870 282 1919 mortem
298 1859 409 1918 Iasonis
426 1859 538 1919 Medias
554 1861 683 1919 aemulus
697 1862 809 1939 virtutis
824 1864 887 1919 eius
902 1863 929 1919 in
943 1861 1083 1919 honorem
1098 1876 1157 1916 ma·

160 1945 214 2002 tris
228 1942 352 2003 Mediam
366 1942 466 2002 urbem
484 1943 611 2002 condidit
631 1962 809 2022 regnumque
825 1962 862 2002 ex
883 1945 997 2003 nomine
1021 1959 1074 2002 suo
1096 1940 1156 2001 Me-

161 2027 262 2086 dorum
281 2027 443 2101 constituit,
463 2026 516 2085 sub
532 2029 614 2096 cuius
630 2029 779 2087 maiestate
802 2030 920 2086 orientis
937 2036 1040 2104 postea
1066 2028 1157 2102 impe·

130 2111 233 2174 trium
248 2111 309 2168 init.
345 2108 462 2176 Albanis
479 2110 593 2169 vicinae
610 2118 773 2170 Amazones
792 2122 871 2184 sunt,
894 2129 1012 2189 quarum
1028 2111 1158 2185 reginam

161 2191 344 2252 Thalestrem
378 2192 561 2251 concubitum
588 2192 751 2252 Alexandri
781 2196 890 2270 petisse
917 2194 998 2252 multi
1020 2202 1158 2252 auctores

129 2287 147 2340 8
160 2276 328 2353 prodidere.
362 2275 514 2334 Armenius
529 2293 646 2353 quoque
662 2286 690 2334 et
705 2278 768 2352 ipse
782 2276 951 2350 Thessalos,
968 2294 1039 2334 unus
1054 2275 1091 2334 de
1106 2294 1157 2332 nu·

161 2377 242 2417 mero
260 2359 363 2417 ducum
377 2357 501 2434 Iasonis,
516 2360 677 2418 recollecta
692 2359 881 2435 multitudine,
902 2378 976 2436 quae
988 2359 1094 2417 amissa
1113 2357 1156 2416 la·

133 2453 232 2505 osone
250 2460 322 2516 rege
339 2441 447 2518 passim
460 2442 631 2519 vagabatur,
647 2441 810 2511 Armeniam
827 2443 932 2517 condit,
949 2443 1061 2500 aculus
1077 2458 1157 2500 mon·

162 2524 239 2583 tibus
262 2524 358 2599 Tigris
372 2522 475 2582 fluvius
499 2525 625 2584 modicis·
637 2526 729 2603 primo
746 2527 931 2584 incrementis
948 2527 1089 2590 nescitum
1116 2526 1156 2582 in·

162 2608 287 2666 terieato
306 2606 411 2666 deinde
426 2607 572 2685 aliquanto
591 2610 686 2685 spatio
705 2608 758 2667 sub
775 2617 868 2667 terras
889 2609 1043 2684 mergitur,
1069 2607 1157 2684 alque

160 2692 199 2749 ita
218 2699 285 2767 post
299 2690 430 2766 vquinque
447 2699 476 2748 et
490 2688 545 2749 XX
559 2692 637 2750 milia
656 2708 791 2768 passuum
807 2691 915 2768 grande
936 2694 991 2750 iam
1008 2690 1158 2749 flumenin

163 2776 285 2850 regione
311 2772 447 2851 Sophene
472 2776 593 2855 emergit
620 2792 655 2833 ac
677 2776 719 2832 sic
745 2776 771 2832 in
786 2775 909 2852 paludes
936 2773 1092 2852 Euphratis
1109 2791 1157 2831 re·

163 2859 189 2916 ci
213 2858 277 2916 itur.
305 2871 308 2876 ·

136 2951 152 3002 l
192 2876 256 3000 pti.
288 2939 379 3015 Igitur
402 2936 582 2997 Mithridates
609 2957 662 2997 rex
684 2939 851 2999 Parthorum
873 2947 940 3017 post
969 2937 1077 2997 bellum
1101 2937 1159 2995 Ar·

162 3026 274 3082 meniae
298 3030 418 3099 propter
436 3021 636 3081 crudelitatem
659 3040 674 3081 a
696 3031 796 3082 senatu
816 3022 949 3082 Parthico
964 3038 1055 3098 regno
1070 3020 1158 3099 pelli·

133 3116 216 3167 atur.
247 3106 349 3164 Frater
369 3106 431 3162 eius
454 3102 585 3180 Orodes,
608 3123 671 3163 eum
694 3124 813 3181 regnum
839 3123 945 3165 vacans
967 3114 1159 3182 occupasset,

162 3187 365 3264 Babyloniam,
381 3203 437 3264 quo
452 3187 633 3248 Mithridates
650 3188 837 3264 confugerat,
860 3189 907 3248 diu
930 3186 1045 3247 obsidet
1067 3195 1096 3246 et
1113 3187 1157 3245 ia-

132 3282 207 3336 bme
231 3280 351 3332 coactos
365 3272 394 3328 in
416 3268 591 3329 deditionem
608 3272 771 3349 oppidanos
795 3272 945 3348 conpellit.
973 3269 1159 3332 Mithridates

162 3363 255 3412 autem
268 3352 371 3412 liducia
384 3354 565 3427 cognationis
581 3354 656 3413 ultro
675 3356 743 3412 sein
752 3363 927 3431 potestatem
941 3353 1046 3412 Orodis
1058 3352 1159 3412 tradit,

34 3443 39 3451 “
134 3436 222 3496 48οᾱ
234 3434 348 3495 Orodes
363 3435 428 3514 plus
442 3433 555 3494 hostem
572 3454 654 3513 quam
669 3437 786 3496 fratrem
802 3439 934 3513 cogitans
948 3440 976 3497 in
993 3444 1161 3518 conspectu
