2442 3975
137 238 187 287 XX
541 238 750 289 PRAEFATIO.

1202 319 1204 366 W

136 411 240 458 uocum
257 395 484 459 sumendorum
506 401 652 459 rationem
675 405 705 458 et
724 413 914 469 nummaum
935 400 1042 475 quibus
1059 402 1154 461 utitur
1203 427 1204 484 ν

137 477 226 557 sipna
247 497 405 545 servarem.
443 483 539 559 Aeone
563 491 596 544 at
617 486 739 559 penitus
762 486 898 560 perspici
918 491 1033 562 posset,
1061 503 1153 561 auam

1203 491 1205 572 i

136 567 275 642 relipiose
291 567 347 629 hoe
365 574 516 643 tamquam
534 570 736 641 firmissimum
754 569 983 642 fundamentum
1003 570 1075 631 liure
1096 588 1152 632 re·
1204 585 1205 640 ξ

98 680 103 689 ·
135 654 269 714 censioni
285 653 527 723 substruuissem
555 655 675 737 simpulo
700 670 846 729 quaeque,
873 656 1030 731 inquibus
1055 655 1095 715 oi
1118 673 1154 717 eo
1204 653 1206 716 't

138 738 273 811 discessi,
300 754 339 798 ne
361 740 489 799 minimis
513 739 632 815 quidem
656 739 810 800 scribendi
831 741 909 800 uitiis
930 741 1154 816 praetermissis

136 826 170 884 in
186 825 427 886 commutatum
447 826 582 885 criticum
599 826 710 884 rettudi.
750 824 851 885 Etiam
868 825 1020 886 Bueoneri
1034 829 1155 886 uarium
1205 877 1207 900 ,

137 910 333 984 scripturam,
361 925 419 985 auo
432 908 558 982 facilius
583 909 804 985 intelleperetur
824 911 943 985 saepius
968 925 1036 970 eum
1062 926 1155 985 quum
1206 909 1207 933 ³

137 995 269 1069 opineris
296 994 491 1055 deserendum
519 992 632 1068 sui'sse,
663 996 811 1069 inteprurn
833 996 941 1055 admei.
989 993 1157 1070 Bonpursii
1207 1061 1208 1074 ,

137 1094 207 1139 uero
228 1084 448 1154 cetermumque
468 1080 603 1140 codicum
623 1082 797 1139 omninum
814 1082 875 1139 nisi
893 1082 925 1139 in
944 1081 981 1140 iis
1002 1081 1082 1154 lacis,
1104 1081 1157 1141 ubi
1207 1099 1208 1102 ¹

138 1163 178 1223 de
202 1179 274 1224 uero
299 1166 452 1241 scriptura
475 1152 608 1225 duuiani
627 1180 715 1245 posse
735 1165 894 1234 uideretur,
920 1163 980 1225 non
1002 1165 1152 1240 adnotavi,
1203 1171 1205 1174 ’

138 1265 177 1309 ne
197 1258 378 1325 apparatum
404 1243 553 1324 criticum,
581 1251 692 1310 celsio
717 1252 793 1311 iusto
815 1250 1003 1326 ampliorem,
1025 1256 1155 1326 praeter
1208 1243 1209 1328 Ῠ

136 1336 512 1411 necessitatem-cuperem.
552 1334 614 1396 Nec
634 1334 708 1394 mini
726 1338 819 1395 sisoim
836 1340 882 1395 est
896 1349 1004 1411 operae
1022 1336 1154 1411 pretium

138 1420 280 1494 calcares
299 1419 454 1480 uerborum
471 1418 603 1493 formas,
627 1436 711 1494 quas-
724 1419 913 1494 Bonpursius
932 1425 961 1480 et
979 1419 1154 1482 ammons
1209 1445 1210 1450 ¹

137 1510 233 1566 etex
257 1506 330 1565 meis
353 1505 504 1567 codicibus
528 1503 691 1564 BOBEFL
713 1505 823 1566 iubae
846 1507 952 1580 sotem,
983 1507 1015 1565 in
1041 1520 1154 1565 excer-

134 1589 247 1666 pendis
271 1605 374 1651 eorum
398 1590 569 1651 lectionibus
594 1589 711 1665 semper
730 1604 970 1651 eornmemorare.
1014 1589 1118 1664 Mapis
1137 1606 1171 1648 ε.

139 1690 175 1734 νε
199 1674 271 1747 fore
285 1676 401 1751 putaui,
418 1677 447 1736 si
465 1690 543 1751 quae
561 1677 609 1735 uel
630 1680 760 1735 aeteram
776 1674 912 1735 codientm
936 1676 983 1734 oei
1004 1674 1154 1734 Iustineae

137 1761 283 1819 orationis
310 1761 439 1837 propriu
468 1766 576 1832 essent,
608 1759 658 1820 iric
685 1760 747 1820 iilic
778 1761 924 1838 exemptis
955 1759 1152 1832 ostendissem,
1196 1751 1201 1760 ’

140 1842 329 1917 difficiliores
361 1848 441 1907 iocos
468 1847 676 1920 explicassem,
708 1846 845 1905 lectiones
874 1845 935 1905 siae
960 1860 979 1904 e
1003 1842 1154 1905 codicibus

139 1925 302 1991 restitutus
316 1930 378 2021 siue
409 1931 580 1994 omimium
606 1936 744 2008 repertas
777 1929 943 1991 rationibus
972 1930 1154 2002 firmassem:

138 2018 239 2091 itaque
256 2015 329 2089 feei.

225 2100 310 2163 Haec
327 2101 397 2175 sere
419 2108 488 2162 sunt
506 2101 645 2176 quaeue
668 2101 791 2160 oonsilio
810 2105 899 2175 utque
918 2100 1045 2160 instituto
1064 2096 1156 2158 auius

139 2189 320 2248 recensionis
338 2187 564 2263 praemonenda
583 2184 685 2246 onom.
729 2184 816 2256 Quod
832 2187 981 2261 reliquum
999 2190 1056 2253 est,
1082 2183 1157 2242 airu

139 2273 256 2347 optimis
278 2271 600 2345 Alfredo'Fieclceisen
625 2275 655 2330 et
674 2269 801 2344 Alsredo
828 2270 866 2330 de
891 2267 1076 2339 Gatscitmid,
1104 2269 1158 2342 aui

140 2372 187 2416 me
214 2372 272 2434 per
302 2364 392 2418 totum
417 2356 473 2417 noc
507 2356 720 2431 quotocumque
752 2365 796 2415 est
818 2370 893 2431 opus
916 2354 1035 2429 incenia
1064 2358 1156 2426 atoue

141 2442 280 2503 doctrina
293 2458 349 2503 sua
363 2443 459 2503 amice
475 2441 663 2515 adiuverunt,
681 2443 800 2516 oratius
812 2455 869 2515 apo
886 2454 976 2514 quam
992 2439 1154 2499 maximas.

142 2526 227 2590 Bene
247 2528 368 2589 edeam
384 2526 527 2601 minione,
548 2528 626 2587 sicut
637 2525 758 2599 sanent,
778 2524 914 2598 faueant.

185 2700 350 2758 Scribebam
370 2698 549 2774 Guelferbpti
567 2713 663 2756 mense
685 2698 825 2755 Ianuario
845 2715 873 2752 a.
893 2693 1044 2752 macces
1052 2692 1152 2750 VIIII.
1178 2697 1180 2701 ’

520 2984 772 3062 corrigenda.

292 3125 323 3173 P.
343 3137 397 3174 v111
415 3121 435 3172 l.
455 3120 487 3171 10
503 3120 566 3185 lege
582 3119 670 3184 praef.
689 3133 738 3183 pro
754 3118 854 3183 presai.

414 3189 433 3240 l.
451 3187 485 3240 32
501 3188 565 3254 lego
582 3188 746 3251 suspitionem
762 3200 811 3251 pro
827 3187 995 3248 suspicionem

291 3259 323 3309 Ρ.
342 3274 372 3309 1x
415 3256 434 3308 l.
452 3255 566 3321 241ege
584 3256 694 3305 imnmnis
711 3269 759 3319 pro
777 3257 894 3303 moeones
967 3290 992 3320 ,-

292 3328 324 3377 Ρ.
343 3341 392 3376 m
414 3324 432 3375 l.
451 3320 486 3376 30
502 3323 565 3390 lege
583 3324 633 3373 nisi
648 3337 698 3388 pro
716 3326 775 3387 quin
