2442 3975
83 161 87 165 ’
110 167 225 224 xtra
318 146 327 160 ’
444 172 754 226 'nnsnrmmnmu
1043 162 1104 223 103

109 332 321 391 instrumentum
336 347 371 389 ac
385 328 522 390 familiam
537 328 663 388 reddidit
678 327 794 387 adiecto
810 327 921 388 honora
933 327 1101 400 verborum,

109 431 167 472 non
183 431 213 474 se
233 422 363 492 propter
371 412 527 491 praedam,
550 411 602 470 sed
613 420 735 489 propter
753 411 921 487 dignitatem
936 413 1025 471 inisse
1041 411 1133 476 het-s
1149 487 1154 496 .

108 497 185 569 lum,
205 497 392 573 indignatum,
408 494 486 573 quod
501 493 666 570 Antigonus
681 494 803 574 devictis
818 493 953 554 diversae
968 494 1104 555 factionis

109 579 229 656 ducibus
246 580 328 639 solus
348 580 504 640 communis
520 579 660 649 victoriae
676 578 803 654 praemia
819 579 1018 655 corripuisset.

171 663 200 720 2.
220 662 294 722 Dum
315 663 389 730 haec
410 670 551 739 aguntur,
576 658 742 720 Cassander
756 659 792 719 ab
807 660 967 738 Apollonia
986 660 1132 725 redienal

110 745 209 804 incidit
221 747 249 803 in
262 745 444 821 Autariatas,
464 746 512 822 qui
526 753 649 821 propter
667 761 799 803 ranarum
819 745 998 819 mariumque
1012 745 1104 803 multi·

109 828 235 886 tudinem
254 828 358 887 relicto
381 829 476 906 patrio
498 828 564 886 solo
585 827 674 887 sedes
701 825 895 904 quaerebant
918 827 1043 902 veritus,
1067 839 1132 889 ne‘t

109 910 305 983 Macedoniam
325 921 520 1009 occuparent,
543 910 621 970 lacta
642 912 777 991 pactione
804 910 1025 987 insacietatem
1053 927 1106 967 eos

108 996 223 1072 recepit
237 1011 386 1073 agrosque
407 995 442 1053 iis
457 995 573 1054 ultimos
587 992 778 1070 Macedoniae
795 990 937 1069 adsignat
981 993 1137 1067 Deinde,3

108 1096 146 1135 ne
167 1076 311 1139 Hercules
332 1078 493 1137 Alexandri
514 1077 605 1152 iilius,
629 1077 677 1154 qui
704 1093 794 1135 annos
812 1074 896 1135 Xllll
925 1084 1105 1148 excesserat,

108 1161 211 1220 favore
240 1163 352 1237 paterni
377 1161 499 1220 nominis
528 1161 556 1217 in
580 1177 702 1235 regnum
722 1157 913 1219 Macedoniae
937 1168 1106 1234 vocaretur,

109 1243 203 1303 occidi
222 1262 286 1303 eum
300 1245 389 1304 tacite
406 1261 470 1310 cum
495 1251 586 1302 matre
603 1242 724 1303 Barsine
745 1242 825 1302 iubet
848 1259 1033 1320 corporaque
1056 1259 1107 1301 eo·

86 1341 170 1386 ‘rum
189 1336 267 1386 terra
287 1326 390 1401 obrui,
409 1345 446 1385 ne
466 1325 573 1386 caedes
588 1326 738 1403 sepultura
760 1326 950 1404 proderetur:
974 1335 1003 1385 et
1025 1326 1138 1403 quasis

107 1427 206 1487 parum
230 1409 369 1470 facinoris
393 1411 506 1488 inipso
531 1410 651 1485 primum
673 1426 761 1486 rege,
789 1426 858 1468 mox
878 1411 906 1468 in
929 1419 1020 1470 matre
1045 1411 1107 1468 eius

108 1491 282 1570 Olympiade
312 1510 348 1552 ac
373 1491 433 1551 filio
454 1492 634 1567 admisisset,
656 1492 777 1551 alterum
800 1508 919 1569 quoque
940 1491 1028 1551 lilium
1045 1500 1138 1550 cumo

107 1583 198 1632 matre
213 1572 336 1633 Roxane
354 1576 417 1650 pari
438 1574 538 1633 fraude
558 1574 722 1649 interiecit,
748 1574 864 1634 scilicet
880 1575 963 1652 quasi
985 1592 1108 1650 regnum

108 1654 314 1730 Macedoniae,
338 1656 417 1733 quod
432 1655 614 1731 adfectabat,
639 1656 723 1715 aliter
735 1657 875 1733 consequi
890 1675 973 1733 quam
983 1657 1106 1717 scelere

108 1755 166 1797 non
181 1747 293 1815 posset.

25 1881 27 1884 ,
170 1820 284 1880 Interea
299 1820 483 1880 Ptolemaeus
503 1838 567 1880 cum
581 1821 731 1881 Demetrio
752 1821 848 1881 navali
864 1822 979 1899 proelio
1001 1824 1135 1888 iteratod

109 1903 297 1981 congreditur
319 1912 348 1963 ct
367 1885 473 1963 amissa
494 1903 590 1964 classe
611 1904 747 1982 hostIque
771 1921 913 1963 concessa
932 1906 1056 1965 victoria
1077 1908 1107 1965 in

108 1987 275 2066 Aegyptum
294 1987 411 2064 refugit.
455 1985 621 2048 Demetrius
639 1987 727 2048 lilium
746 1987 905 2048 Ptolemaei
925 1986 1135 2055 Leontiscum?

59 2120 64 2128 .
109 2081 138 2130 et
152 2071 271 2130 fratrem
285 2070 449 2132 Menelaum
464 2071 634 2149 amicosque
651 2073 714 2139 eius
729 2089 792 2131 cum
808 2072 913 2150 privati
928 2071 1109 2132 instrumenti

107 2154 285 2229 ministerio,
300 2156 364 2231 pari
379 2163 557 2234 provocatus
573 2164 659 2215 antea
674 2172 812 2230 munere,
828 2154 997 2232 Aegyptum
1012 2157 1108 2215 remit·

108 2239 158 2295 tit:
183 2245 212 2296 et
233 2245 264 2295 ut
280 2242 437 2315 appareret
458 2254 511 2296 eos
538 2254 595 2297 non
617 2238 691 2312 odii,
715 2238 768 2297 sed
783 2238 930 2314 dignitatis
946 2238 1041 2314 gloria
1059 2256 1109 2298 ac·
1120 2250 1138 2304 8

109 2337 233 2395 censos,
258 2321 341 2380 donis
363 2314 589 2398 muneribusque
608 2322 683 2379 inter
702 2322 766 2398 ipsa
782 2320 861 2381 bella
884 2321 1107 2382 contendebant.

108 2403 200 2463 Tanto
218 2403 369 2463 honestius
390 2413 459 2463 tunc
482 2403 560 2463 bella
578 2402 754 2480 gerebantur
770 2422 854 2483 quam
872 2423 947 2464 nunc
964 2406 1136 2471 amicitiae9

109 2488 254 2548 coluntur.
298 2486 361 2546 Hac
374 2485 498 2547 victoria
514 2487 606 2546 elatus
619 2486 782 2563 Antigonus
797 2504 897 2563 regem
915 2506 947 2548 se
965 2506 1030 2548 cum
1046 2488 1153 2552 tte-10

107 2572 211 2629 metrio
227 2571 288 2629 lilio
305 2569 449 2648 appellari
466 2589 483 2630 a
505 2570 616 2648 populo
634 2569 724 2629 iubet
768 2570 954 2631 Ptolemaeus
976 2588 1107 2650 quoque,
1118 2583 1150 2635 11

108 2671 145 2711 ne
161 2654 279 2712 minoris
294 2652 370 2730 apud
382 2671 452 2713 suos
471 2653 650 2713 auctoritatis
665 2653 833 2729 haberetur,
857 2673 911 2713 rex
925 2655 961 2714 ab
978 2655 1109 2714 exercitu

94 2736 339 2834 cognominatur
385 2735 498 2808 Quibus
521 2737 625 2795 auditis
644 2735 808 2797 Cassander
826 2747 856 2796 et
869 2737 1055 2811 Lysimachus
1075 2745 1104 2795 et
1117 2744 1151 2796 12

108 2819 174 2897 ipsi
179 2818 288 2893 regiam
304 2816 360 2876 sibi
374 2819 553 2878 maiestatem
567 2819 796 2879 vindicaverunt
819 2818 909 2879 Huius
924 2819 1043 2877 honoris
1056 2834 1103 2876 or·
1117 2827 1153 2880 13

108 2904 249 2960 namentis
264 2899 382 2960 tamdiu
398 2917 499 2960 omnes
515 2899 737 2962 abstinuerunt·
718 2920 827 2979 ,quam
843 2902 891 2962 diu
904 2900 955 2959 lilii
968 2901 1048 2976 regis
1063 2900 1108 2958 sui

112 3002 271 3062 superesse
286 2992 452 3062 potuerunt.
496 2984 610 3046 'lanta
602 3004 631 3045 ιιι
645 2985 703 3045 illis
714 2983 978 3056 verecundiaerat,
996 2991 1027 3041 ut
1043 2996 1107 3041 cum
1118 2991 1152 3044 14

113 3085 188 3145 opes
202 3067 299 3145 regias
312 3067 596 3144 baberent,.regum
613 3066 885 3128 tamen‘nominibus
902 3081 996 3142 aequo
1015 3065 1108 3124 culmo

109 3153 272 3225 caruerint,
296 3150 390 3227 quoad
408 3151 577 3211 Alexandro
600 3152 692 3211 iustus
716 3150 804 3209 heres
826 3149 888 3208 luit.
934 3147 993 3207 Sed
1011 3147 1152 3210 Ptole-15

109 3248 209 3292 maeus
231 3241 260 3292 et
279 3229 444 3294 Cassander
467 3234 619 3310 ceterique
640 3233 787 3308 factionis,
797 3231 916 3291 alterius
933 3231 1023 3290 doces
1046 3246 1110 3289 cum

109 3315 191 3391 carpi
213 3332 246 3374 se
268 3317 398 3392 singulos
421 3317 458 3375 ab
473 3316 622 3392 Antigono
638 3315 786 3392 viderent,
809 3315 874 3375 dum
892 3314 1034 3392 privatum
1052 3311 1108 3371 sin·

109 3396 258 3474 pulcrum,
287 3415 345 3456 non
371 3408 522 3459 commune
548 3400 750 3458 universorum
779 3397 889 3458 bellum
918 3397 1024 3458 ducunt
1052 3411 1109 3456 nec
