<?xml version="1.0" encoding="UTF-8"?>
<!DOCTYPE html PUBLIC "-//W3C//DTD XHTML 1.0 Transitional//EN"
    "http://www.w3.org/TR/xhtml1/DTD/xhtml1-transitional.dtd">
<html xmlns="http://www.w3.org/1999/xhtml" xml:lang="en" lang="en">
 <head>
  <title>
</title>
<meta http-equiv="Content-Type" content="text/html;charset=utf-8" />
  <meta name='ocr-system' content='tesseract 3.04.00' />
  <meta name='ocr-capabilities' content='ocr_page ocr_carea ocr_par ocr_line ocrx_word'/>
</head>
<body>
  <div class='ocr_page' id='page_1' title='image "./iustinustrogipo00troggoog_0429.png"; bbox 0 0 2442 3975; ppageno 0'>
   <div class='ocr_carea' id='block_1_1' title="bbox 4 3 125 11">
    <p class='ocr_par' dir='ltr' id='par_1_1' title="bbox 4 3 125 11">
     <span class='ocr_line' id='line_1_1' title="bbox 4 3 125 11; baseline -0.025 0"><span class='ocrx_word' id='word_1_1' title='bbox 4 3 81 11; x_wconf 79' lang='lat'><em>--—-·</em></span> <span class='ocrx_word' id='word_1_2' title='bbox 122 5 125 6; x_wconf 26' lang='grc' dir='ltr'><em>γ</em></span> 
     </span>
    </p>
   </div>
   <div class='ocr_carea' id='block_1_2' title="bbox 68 197 712 293">
    <p class='ocr_par' dir='ltr' id='par_1_2' title="bbox 68 197 712 293">
     <span class='ocr_line' id='line_1_2' title="bbox 68 197 712 293; baseline 0.011 -39"><span class='ocrx_word' id='word_1_3' title='bbox 68 197 156 254; x_wconf 63' lang='lat' dir='ltr'>XLIII</span> <span class='ocrx_word' id='word_1_4' title='bbox 171 204 185 256; x_wconf 93' lang='lat' dir='ltr'><strong>l</strong></span> <span class='ocrx_word' id='word_1_5' title='bbox 385 208 494 293; x_wconf 39' lang='grc' dir='ltr'><strong>ὁΗῙῦῬ.</strong></span> <span class='ocrx_word' id='word_1_6' title='bbox 511 213 605 262; x_wconf 72' lang='lat' dir='ltr'><strong>amo.</strong></span> <span class='ocrx_word' id='word_1_7' title='bbox 620 213 712 261; x_wconf 74' lang='lat' dir='ltr'><strong>amr.</strong></span> 
     </span>
    </p>
   </div>
   <div class='ocr_carea' id='block_1_3' title="bbox 305 460 814 538">
    <p class='ocr_par' dir='ltr' id='par_1_3' title="bbox 305 460 814 538">
     <span class='ocr_line' id='line_1_3' title="bbox 305 460 814 538; baseline 0 -2"><span class='ocrx_word' id='word_1_8' title='bbox 305 460 547 536; x_wconf 80' lang='lat' dir='ltr'><strong>¹LIBER</strong></span> <span class='ocrx_word' id='word_1_9' title='bbox 590 463 814 538; x_wconf 83' lang='lat' dir='ltr'>XXXXIH.</span> 
     </span>
    </p>
   </div>
   <div class='ocr_carea' id='block_1_4' title="bbox 9 640 1177 3570">
    <p class='ocr_par' dir='ltr' id='par_1_4' title="bbox 66 640 1087 1338">
     <span class='ocr_line' id='line_1_4' title="bbox 123 640 1087 757; baseline 0.007 -23"><span class='ocrx_word' id='word_1_10' title='bbox 123 675 151 736; x_wconf 89' lang='lat'><strong>1.</strong></span> <span class='ocrx_word' id='word_1_11' title='bbox 199 640 350 736; x_wconf 74' lang='lat' dir='ltr'><strong>Parthicis</strong></span> <span class='ocrx_word' id='word_1_12' title='bbox 367 676 617 755; x_wconf 83' lang='lat' dir='ltr'><strong>orientalibusqne</strong></span> <span class='ocrx_word' id='word_1_13' title='bbox 631 696 667 736; x_wconf 88' lang='lat' dir='ltr'><strong>ac</strong></span> <span class='ocrx_word' id='word_1_14' title='bbox 683 678 771 739; x_wconf 91' lang='lat' dir='ltr'><strong>totius</strong></span> <span class='ocrx_word' id='word_1_15' title='bbox 788 679 998 757; x_wconf 77' lang='lat' dir='ltr'><strong>propemodum</strong></span> <span class='ocrx_word' id='word_1_16' title='bbox 1014 691 1087 742; x_wconf 90' lang='lat' dir='ltr'><strong>or-1</strong></span> 
     </span>
     <span class='ocr_line' id='line_1_5' title="bbox 66 757 1062 838; baseline 0.003 -20"><span class='ocrx_word' id='word_1_17' title='bbox 66 757 109 819; x_wconf 88' lang='lat' dir='ltr'><strong>bis</strong></span> <span class='ocrx_word' id='word_1_18' title='bbox 120 760 209 820; x_wconf 87' lang='lat' dir='ltr'><strong>rebus</strong></span> <span class='ocrx_word' id='word_1_19' title='bbox 237 759 383 838; x_wconf 79' lang='lat' dir='ltr'><strong>explicitis</strong></span> <span class='ocrx_word' id='word_1_20' title='bbox 407 759 442 819; x_wconf 92' lang='lat' dir='ltr'><strong>ad</strong></span> <span class='ocrx_word' id='word_1_21' title='bbox 464 761 543 820; x_wconf 87' lang='lat' dir='ltr'><strong>icitia</strong></span> <span class='ocrx_word' id='word_1_22' title='bbox 563 759 714 822; x_wconf 84' lang='lat' dir='ltr'><strong>Romanae</strong></span> <span class='ocrx_word' id='word_1_23' title='bbox 733 762 812 821; x_wconf 89' lang='lat' dir='ltr'><strong>urbis</strong></span> <span class='ocrx_word' id='word_1_24' title='bbox 830 761 945 838; x_wconf 77' lang='lat' dir='ltr'>Trogus</span> <span class='ocrx_word' id='word_1_25' title='bbox 969 763 1062 821; x_wconf 82' lang='lat' dir='ltr'><strong>veluti</strong></span> 
     </span>
     <span class='ocr_line' id='line_1_6' title="bbox 66 843 1061 924; baseline -0.002 -19"><span class='ocrx_word' id='word_1_26' title='bbox 66 853 131 924; x_wconf 92' lang='lat' dir='ltr'><strong>post</strong></span> <span class='ocrx_word' id='word_1_27' title='bbox 145 844 264 920; x_wconf 86' lang='lat' dir='ltr'><strong>longam</strong></span> <span class='ocrx_word' id='word_1_28' title='bbox 285 843 551 922; x_wconf 76' lang='lat' dir='ltr'><strong>peregrinationem</strong></span> <span class='ocrx_word' id='word_1_29' title='bbox 573 844 688 904; x_wconf 85' lang='lat' dir='ltr'><strong>domum</strong></span> <span class='ocrx_word' id='word_1_30' title='bbox 709 846 881 918; x_wconf 86' lang='lat' dir='ltr'><strong>reuertitur,</strong></span> <span class='ocrx_word' id='word_1_31' title='bbox 901 846 1006 921; x_wconf 90' lang='lat' dir='ltr'><strong>ingrati</strong></span> <span class='ocrx_word' id='word_1_32' title='bbox 1022 846 1061 903; x_wconf 92' lang='lat' dir='ltr'><strong>ci·</strong></span> 
     </span>
     <span class='ocr_line' id='line_1_7' title="bbox 66 927 1060 1006; baseline 0.001 -21"><span class='ocrx_word' id='word_1_33' title='bbox 66 928 250 988; x_wconf 82' lang='lat' dir='ltr'><strong>vis&#39;oilicium</strong></span> <span class='ocrx_word' id='word_1_34' title='bbox 266 927 452 1005; x_wconf 86' lang='lat' dir='ltr'><strong>existimans,</strong></span> <span class='ocrx_word' id='word_1_35' title='bbox 468 928 510 1003; x_wconf 89' lang='lat' dir='ltr'><strong>si,</strong></span> <span class='ocrx_word' id='word_1_36' title='bbox 532 943 596 986; x_wconf 87' lang='lat' dir='ltr'><strong>cunr</strong></span> <span class='ocrx_word' id='word_1_37' title='bbox 610 931 734 987; x_wconf 92' lang='lat' dir='ltr'><strong>omnium</strong></span> <span class='ocrx_word' id='word_1_38' title='bbox 750 929 878 1005; x_wconf 90' lang='lat' dir='ltr'><strong>gentium</strong></span> <span class='ocrx_word' id='word_1_39' title='bbox 894 945 943 987; x_wconf 91' lang='lat' dir='ltr'><strong>res</strong></span> <span class='ocrx_word' id='word_1_40' title='bbox 959 936 1060 1006; x_wconf 86' lang='lat' dir='ltr'><strong>gestas</strong></span> 
     </span>
     <span class='ocr_line' id='line_1_8' title="bbox 66 1009 1084 1089; baseline 0.003 -20"><span class='ocrx_word' id='word_1_41' title='bbox 66 1010 274 1089; x_wconf 60' lang='lat' dir='ltr'><strong>inlustraverit,</strong></span> <span class='ocrx_word' id='word_1_42' title='bbox 297 1009 333 1069; x_wconf 89' lang='lat' dir='ltr'><strong>de</strong></span> <span class='ocrx_word' id='word_1_43' title='bbox 355 1010 419 1069; x_wconf 89' lang='lat' dir='ltr'><strong>sola</strong></span> <span class='ocrx_word' id='word_1_44' title='bbox 436 1018 544 1071; x_wconf 90' lang='lat' dir='ltr'><strong>tantum</strong></span> <span class='ocrx_word' id='word_1_45' title='bbox 563 1013 658 1089; x_wconf 89' lang='lat' dir='ltr'><strong>patria</strong></span> <span class='ocrx_word' id='word_1_46' title='bbox 679 1019 784 1071; x_wconf 87' lang='lat' dir='ltr'><strong>taceat.</strong></span> <span class='ocrx_word' id='word_1_47' title='bbox 822 1010 953 1071; x_wconf 87' lang='lat' dir='ltr'><strong>Breviter</strong></span> <span class='ocrx_word' id='word_1_48' title='bbox 970 1012 1084 1087; x_wconf 73' lang='lat' dir='ltr'><strong>igiturt</strong></span> 
     </span>
     <span class='ocr_line' id='line_1_9' title="bbox 66 1093 1058 1172; baseline 0.001 -21"><span class='ocrx_word' id='word_1_49' title='bbox 66 1095 141 1154; x_wconf 90' lang='lat' dir='ltr'><strong>initia</strong></span> <span class='ocrx_word' id='word_1_50' title='bbox 163 1095 285 1155; x_wconf 84' lang='lat' dir='ltr'><strong>Romani</strong></span> <span class='ocrx_word' id='word_1_51' title='bbox 308 1094 422 1169; x_wconf 87' lang='lat' dir='ltr'><strong>imperii</strong></span> <span class='ocrx_word' id='word_1_52' title='bbox 443 1095 631 1172; x_wconf 78' lang='lat' dir='ltr'><strong>perstringit,</strong></span> <span class='ocrx_word' id='word_1_53' title='bbox 652 1103 683 1153; x_wconf 93' lang='lat' dir='ltr'><strong>ut</strong></span> <span class='ocrx_word' id='word_1_54' title='bbox 707 1111 762 1152; x_wconf 92' lang='lat' dir='ltr'><strong>nec</strong></span> <span class='ocrx_word' id='word_1_55' title='bbox 782 1093 897 1153; x_wconf 87' lang='lat' dir='ltr'><strong>modurn</strong></span> <span class='ocrx_word' id='word_1_56' title='bbox 913 1094 1058 1171; x_wconf 87' lang='lat' dir='ltr'><strong>propositi</strong></span> 
     </span>
     <span class='ocr_line' id='line_1_10' title="bbox 66 1176 1060 1256; baseline -0.001 -19"><span class='ocrx_word' id='word_1_57' title='bbox 66 1178 164 1256; x_wconf 90' lang='lat' dir='ltr'><strong>operis</strong></span> <span class='ocrx_word' id='word_1_58' title='bbox 187 1176 312 1238; x_wconf 85' lang='lat' dir='ltr'><strong>excedat</strong></span> <span class='ocrx_word' id='word_1_59' title='bbox 334 1191 391 1235; x_wconf 90' lang='lat' dir='ltr'><strong>nec</strong></span> <span class='ocrx_word' id='word_1_60' title='bbox 411 1177 510 1255; x_wconf 85' lang='lat' dir='ltr'><strong>utique</strong></span> <span class='ocrx_word' id='word_1_61' title='bbox 532 1177 674 1254; x_wconf 77' lang='lat' dir='ltr'><strong>originem</strong></span> <span class='ocrx_word' id='word_1_62' title='bbox 694 1176 790 1254; x_wconf 89' lang='lat' dir='ltr'><strong>urbis,</strong></span> <span class='ocrx_word' id='word_1_63' title='bbox 819 1187 955 1255; x_wconf 88' lang='lat' dir='ltr'><strong>quaeest</strong></span> <span class='ocrx_word' id='word_1_64' title='bbox 973 1186 1060 1254; x_wconf 91' lang='lat' dir='ltr'><strong>caput</strong></span> 
     </span>
     <span class='ocr_line' id='line_1_11' title="bbox 67 1260 813 1338; baseline 0 -17"><span class='ocrx_word' id='word_1_65' title='bbox 67 1262 153 1321; x_wconf 88' lang='lat' dir='ltr'><strong>totius</strong></span> <span class='ocrx_word' id='word_1_66' title='bbox 171 1260 267 1335; x_wconf 90' lang='lat' dir='ltr'><strong>orbis,</strong></span> <span class='ocrx_word' id='word_1_67' title='bbox 284 1260 399 1319; x_wconf 89' lang='lat' dir='ltr'><strong>silentio</strong></span> <span class='ocrx_word' id='word_1_68' title='bbox 414 1263 637 1338; x_wconf 89' lang='lat' dir='ltr'><strong>praetermittat.</strong></span> <span class='ocrx_word' id='word_1_69' title='bbox 808 1324 813 1333; x_wconf 75' lang='grc'>,</span> 
     </span>
    </p>

    <p class='ocr_par' dir='ltr' id='par_1_5' title="bbox 65 1342 1131 3252">
     <span class='ocr_line' id='line_1_12' title="bbox 126 1342 1092 1423; baseline 0.003 -20"><span class='ocrx_word' id='word_1_70' title='bbox 126 1343 226 1404; x_wconf 89' lang='lat' dir='ltr'><strong>ltaliae</strong></span> <span class='ocrx_word' id='word_1_71' title='bbox 243 1343 372 1404; x_wconf 89' lang='lat' dir='ltr'><strong>cultores</strong></span> <span class='ocrx_word' id='word_1_72' title='bbox 388 1344 471 1420; x_wconf 90' lang='lat' dir='ltr'><strong>primi</strong></span> <span class='ocrx_word' id='word_1_73' title='bbox 482 1343 660 1421; x_wconf 74' lang='lat' dir='ltr'><strong>Aborigines</strong></span> <span class='ocrx_word' id='word_1_74' title='bbox 679 1342 778 1418; x_wconf 85' lang='lat' dir='ltr'><strong>iocre,</strong></span> <span class='ocrx_word' id='word_1_75' title='bbox 797 1361 918 1423; x_wconf 85' lang='lat' dir='ltr'><strong>quorum</strong></span> <span class='ocrx_word' id='word_1_76' title='bbox 936 1362 990 1404; x_wconf 85' lang='lat' dir='ltr'><strong>rex</strong></span> <span class='ocrx_word' id='word_1_77' title='bbox 1010 1343 1092 1415; x_wconf 56' lang='lat' dir='ltr'><strong>Saea</strong></span> 
     </span>
     <span class='ocr_line' id='line_1_13' title="bbox 65 1427 1061 1506; baseline -0.004 -18"><span class='ocrx_word' id='word_1_78' title='bbox 65 1435 162 1488; x_wconf 83' lang='lat' dir='ltr'><strong>turnus</strong></span> <span class='ocrx_word' id='word_1_79' title='bbox 181 1435 278 1487; x_wconf 88' lang='lat' dir='ltr'><strong>tantae</strong></span> <span class='ocrx_word' id='word_1_80' title='bbox 297 1428 422 1486; x_wconf 85' lang='lat' dir='ltr'><strong>iustitiae</strong></span> <span class='ocrx_word' id='word_1_81' title='bbox 439 1427 530 1487; x_wconf 85' lang='lat' dir='ltr'><strong>luisse</strong></span> <span class='ocrx_word' id='word_1_82' title='bbox 542 1428 662 1504; x_wconf 90' lang='lat' dir='ltr'><strong>dicitur,</strong></span> <span class='ocrx_word' id='word_1_83' title='bbox 680 1436 820 1506; x_wconf 86' lang='lat' dir='ltr'><strong>utaequa</strong></span> <span class='ocrx_word' id='word_1_84' title='bbox 838 1429 973 1489; x_wconf 85' lang='lat' dir='ltr'><strong>servierit</strong></span> <span class='ocrx_word' id='word_1_85' title='bbox 985 1427 1061 1505; x_wconf 89' lang='lat' dir='ltr'><strong>quis·</strong></span> 
     </span>
     <span class='ocr_line' id='line_1_14' title="bbox 65 1507 1062 1590; baseline -0.003 -20"><span class='ocrx_word' id='word_1_86' title='bbox 65 1529 148 1588; x_wconf 85' lang='lat' dir='ltr'><strong>quarn</strong></span> <span class='ocrx_word' id='word_1_87' title='bbox 172 1510 226 1570; x_wconf 89' lang='lat' dir='ltr'><strong>snb</strong></span> <span class='ocrx_word' id='word_1_88' title='bbox 243 1509 295 1569; x_wconf 93' lang='lat' dir='ltr'><strong>illo</strong></span> <span class='ocrx_word' id='word_1_89' title='bbox 317 1527 414 1588; x_wconf 86' lang='lat' dir='ltr'><strong>neque</strong></span> <span class='ocrx_word' id='word_1_90' title='bbox 435 1512 587 1588; x_wconf 87' lang='lat' dir='ltr'><strong>quicquam</strong></span> <span class='ocrx_word' id='word_1_91' title='bbox 616 1512 746 1590; x_wconf 87' lang='lat' dir='ltr'><strong>privatae</strong></span> <span class='ocrx_word' id='word_1_92' title='bbox 767 1511 812 1569; x_wconf 91' lang='lat' dir='ltr'><strong>rei</strong></span> <span class='ocrx_word' id='word_1_93' title='bbox 833 1510 984 1584; x_wconf 87' lang='lat' dir='ltr'><strong>babuerit,</strong></span> <span class='ocrx_word' id='word_1_94' title='bbox 1009 1507 1062 1568; x_wconf 89' lang='lat' dir='ltr'><strong>sed</strong></span> 
     </span>
     <span class='ocr_line' id='line_1_15' title="bbox 66 1591 1063 1667; baseline -0.004 -14"><span class='ocrx_word' id='word_1_95' title='bbox 66 1596 160 1654; x_wconf 89' lang='lat' dir='ltr'><strong>omnia</strong></span> <span class='ocrx_word' id='word_1_96' title='bbox 190 1593 348 1653; x_wconf 91' lang='lat' dir='ltr'><strong>communia</strong></span> <span class='ocrx_word' id='word_1_97' title='bbox 372 1601 401 1650; x_wconf 92' lang='lat' dir='ltr'><strong>et</strong></span> <span class='ocrx_word' id='word_1_98' title='bbox 423 1591 546 1652; x_wconf 85' lang='lat' dir='ltr'><strong>indiuisa</strong></span> <span class='ocrx_word' id='word_1_99' title='bbox 567 1594 700 1652; x_wconf 89' lang='lat' dir='ltr'><strong>omnibus</strong></span> <span class='ocrx_word' id='word_1_100' title='bbox 721 1592 845 1667; x_wconf 89' lang='lat' dir='ltr'><strong>luerint,</strong></span> <span class='ocrx_word' id='word_1_101' title='bbox 867 1593 957 1651; x_wconf 92' lang='lat' dir='ltr'><strong>veluti</strong></span> <span class='ocrx_word' id='word_1_102' title='bbox 978 1608 1063 1649; x_wconf 89' lang='lat' dir='ltr'><strong>unum</strong></span> 
     </span>
     <span class='ocr_line' id='line_1_16' title="bbox 67 1673 1093 1754; baseline -0.003 -16"><span class='ocrx_word' id='word_1_103' title='bbox 67 1678 177 1738; x_wconf 89' lang='lat' dir='ltr'><strong>cunctis</strong></span> <span class='ocrx_word' id='word_1_104' title='bbox 202 1675 402 1754; x_wconf 77' lang='lat' dir='ltr'><strong>patrimonium</strong></span> <span class='ocrx_word' id='word_1_105' title='bbox 427 1684 517 1734; x_wconf 89' lang='lat' dir='ltr'><strong>esset.</strong></span> <span class='ocrx_word' id='word_1_106' title='bbox 569 1674 615 1734; x_wconf 91' lang='lat' dir='ltr'><strong>Ob</strong></span> <span class='ocrx_word' id='word_1_107' title='bbox 639 1675 722 1733; x_wconf 89' lang='lat' dir='ltr'><strong>cuius</strong></span> <span class='ocrx_word' id='word_1_108' title='bbox 751 1674 878 1752; x_wconf 83' lang='lat' dir='ltr'><strong>exempli</strong></span> <span class='ocrx_word' id='word_1_109' title='bbox 898 1673 1093 1735; x_wconf 71' lang='lat' dir='ltr'><strong>memoriam</strong></span> 
     </span>
     <span class='ocr_line' id='line_1_17' title="bbox 66 1757 1062 1835; baseline -0.006 -15"><span class='ocrx_word' id='word_1_110' title='bbox 66 1769 179 1820; x_wconf 88' lang='lat' dir='ltr'><strong>cautum</strong></span> <span class='ocrx_word' id='word_1_111' title='bbox 198 1767 258 1833; x_wconf 88' lang='lat' dir='ltr'><strong>est,</strong></span> <span class='ocrx_word' id='word_1_112' title='bbox 282 1766 313 1816; x_wconf 94' lang='lat' dir='ltr'><strong>ut</strong></span> <span class='ocrx_word' id='word_1_113' title='bbox 328 1757 527 1817; x_wconf 88' lang='lat' dir='ltr'><strong>Satumalibns</strong></span> <span class='ocrx_word' id='word_1_114' title='bbox 547 1766 713 1835; x_wconf 84' lang='lat' dir='ltr'><strong>exaequato</strong></span> <span class='ocrx_word' id='word_1_115' title='bbox 734 1757 858 1816; x_wconf 91' lang='lat' dir='ltr'><strong>omnium</strong></span> <span class='ocrx_word' id='word_1_116' title='bbox 874 1759 936 1816; x_wconf 89' lang='lat' dir='ltr'><strong>iure</strong></span> <span class='ocrx_word' id='word_1_117' title='bbox 954 1758 1062 1835; x_wconf 87' lang='lat' dir='ltr'><strong>passim</strong></span> 
     </span>
     <span class='ocr_line' id='line_1_18' title="bbox 66 1839 1092 1917; baseline -0.003 -15"><span class='ocrx_word' id='word_1_118' title='bbox 66 1844 94 1902; x_wconf 87' lang='lat' dir='ltr'><strong>in</strong></span> <span class='ocrx_word' id='word_1_119' title='bbox 111 1842 254 1902; x_wconf 87' lang='lat' dir='ltr'><strong>conviviis</strong></span> <span class='ocrx_word' id='word_1_120' title='bbox 270 1841 427 1908; x_wconf 74' lang='lat' dir='ltr'><strong>senticum</strong></span> <span class='ocrx_word' id='word_1_121' title='bbox 443 1840 565 1900; x_wconf 90' lang='lat' dir='ltr'><strong>dominis</strong></span> <span class='ocrx_word' id='word_1_122' title='bbox 580 1840 758 1900; x_wconf 81' lang='lat' dir='ltr'><strong>recumbant.</strong></span> <span class='ocrx_word' id='word_1_123' title='bbox 774 1839 875 1917; x_wconf 87' lang='lat' dir='ltr'><strong>ltaque</strong></span> <span class='ocrx_word' id='word_1_124' title='bbox 886 1839 968 1900; x_wconf 86' lang='lat' dir='ltr'><strong>ltalia</strong></span> <span class='ocrx_word' id='word_1_125' title='bbox 983 1839 1092 1915; x_wconf 76' lang='lat' dir='ltr'><strong>regies</strong></span> 
     </span>
     <span class='ocr_line' id='line_1_19' title="bbox 67 1922 1063 2003; baseline -0.008 -16"><span class='ocrx_word' id='word_1_126' title='bbox 67 1928 180 1987; x_wconf 87' lang='lat' dir='ltr'><strong>nomine</strong></span> <span class='ocrx_word' id='word_1_127' title='bbox 203 1923 336 1984; x_wconf 88' lang='lat' dir='ltr'><strong>Saturnia</strong></span> <span class='ocrx_word' id='word_1_128' title='bbox 354 1923 519 2003; x_wconf 87' lang='lat' dir='ltr'><strong>appellata,</strong></span> <span class='ocrx_word' id='word_1_129' title='bbox 544 1928 573 1985; x_wconf 86' lang='lat' dir='ltr'><strong>e&#39;t</strong></span> <span class='ocrx_word' id='word_1_130' title='bbox 586 1941 670 1983; x_wconf 90' lang='lat' dir='ltr'><strong>mons</strong></span> <span class='ocrx_word' id='word_1_131' title='bbox 685 1925 714 1982; x_wconf 94' lang='lat' dir='ltr'><strong>in</strong></span> <span class='ocrx_word' id='word_1_132' title='bbox 731 1941 788 2002; x_wconf 91' lang='lat' dir='ltr'><strong>quo</strong></span> <span class='ocrx_word' id='word_1_133' title='bbox 800 1922 949 1996; x_wconf 83' lang='lat' dir='ltr'><strong>habitabat</strong></span> <span class='ocrx_word' id='word_1_134' title='bbox 964 1924 1063 1982; x_wconf 90' lang='lat' dir='ltr'><strong>Satur-</strong></span> 
     </span>
     <span class='ocr_line' id='line_1_20' title="bbox 67 2006 1063 2087; baseline -0.009 -16"><span class='ocrx_word' id='word_1_135' title='bbox 67 2013 147 2085; x_wconf 85' lang='lat' dir='ltr'><strong>nius,</strong></span> <span class='ocrx_word' id='word_1_136' title='bbox 171 2010 200 2068; x_wconf 90' lang='lat' dir='ltr'><strong>in</strong></span> <span class='ocrx_word' id='word_1_137' title='bbox 216 2025 275 2087; x_wconf 88' lang='lat' dir='ltr'><strong>quo</strong></span> <span class='ocrx_word' id='word_1_138' title='bbox 291 2027 366 2069; x_wconf 92' lang='lat' dir='ltr'><strong>nunc</strong></span> <span class='ocrx_word' id='word_1_139' title='bbox 380 2008 470 2068; x_wconf 85' lang='lat' dir='ltr'><strong>veluti</strong></span> <span class='ocrx_word' id='word_1_140' title='bbox 486 2007 523 2068; x_wconf 90' lang='lat' dir='ltr'><strong>ab</strong></span> <span class='ocrx_word' id='word_1_141' title='bbox 537 2009 609 2069; x_wconf 88' lang='lat' dir='ltr'><strong>love</strong></span> <span class='ocrx_word' id='word_1_142' title='bbox 621 2006 708 2087; x_wconf 79' lang='lat' dir='ltr'><strong>puls&#39;o</strong></span> <span class='ocrx_word' id='word_1_143' title='bbox 728 2006 846 2066; x_wconf 89' lang='lat' dir='ltr'><strong>sedibus</strong></span> <span class='ocrx_word' id='word_1_144' title='bbox 863 2007 924 2066; x_wconf 88' lang='lat' dir='ltr'><strong>suls</strong></span> <span class='ocrx_word' id='word_1_145' title='bbox 940 2006 1063 2066; x_wconf 84' lang='lat' dir='ltr'><strong>Saturno</strong></span> 
     </span>
     <span class='ocr_line' id='line_1_21' title="bbox 68 2087 1092 2172; baseline -0.002 -19"><span class='ocrx_word' id='word_1_146' title='bbox 68 2091 241 2172; x_wconf 81' lang='lat' dir='ltr'><strong>Capitolium</strong></span> <span class='ocrx_word' id='word_1_147' title='bbox 265 2100 320 2152; x_wconf 90' lang='lat' dir='ltr'><strong>est.</strong></span> <span class='ocrx_word' id='word_1_148' title='bbox 363 2092 434 2152; x_wconf 90' lang='lat' dir='ltr'><strong>Post</strong></span> <span class='ocrx_word' id='word_1_149' title='bbox 460 2091 545 2152; x_wconf 90' lang='lat' dir='ltr'><strong>bunc·</strong></span> <span class='ocrx_word' id='word_1_150' title='bbox 562 2093 648 2151; x_wconf 90' lang='lat' dir='ltr'><strong>tertio</strong></span> <span class='ocrx_word' id='word_1_151' title='bbox 674 2090 743 2150; x_wconf 93' lang='lat' dir='ltr'><strong>loco</strong></span> <span class='ocrx_word' id='word_1_152' title='bbox 768 2106 911 2166; x_wconf 84' lang='lat' dir='ltr'><strong>regnasse</strong></span> <span class='ocrx_word' id='word_1_153' title='bbox 936 2087 1092 2151; x_wconf 82' lang='lat' dir='ltr'><strong>Faunumti</strong></span> 
     </span>
     <span class='ocr_line' id='line_1_22' title="bbox 66 2169 1063 2254; baseline -0.008 -18"><span class='ocrx_word' id='word_1_154' title='bbox 66 2177 178 2252; x_wconf 85' lang='lat' dir='ltr'><strong>icrunt,</strong></span> <span class='ocrx_word' id='word_1_155' title='bbox 201 2174 255 2236; x_wconf 91' lang='lat' dir='ltr'><strong>sub</strong></span> <span class='ocrx_word' id='word_1_156' title='bbox 272 2194 329 2254; x_wconf 88' lang='lat' dir='ltr'><strong>quo</strong></span> <span class='ocrx_word' id='word_1_157' title='bbox 345 2174 482 2235; x_wconf 84' lang='lat' dir='ltr'><strong>Euander</strong></span> <span class='ocrx_word' id='word_1_158' title='bbox 496 2173 532 2235; x_wconf 89' lang='lat' dir='ltr'><strong>ab</strong></span> <span class='ocrx_word' id='word_1_159' title='bbox 547 2174 693 2234; x_wconf 84' lang='lat' dir='ltr'><strong>Arcadiae</strong></span> <span class='ocrx_word' id='word_1_160' title='bbox 708 2173 780 2233; x_wconf 94' lang='lat' dir='ltr'><strong>urbe</strong></span> <span class='ocrx_word' id='word_1_161' title='bbox 797 2172 947 2233; x_wconf 88' lang='lat' dir='ltr'><strong>Pallanteo</strong></span> <span class='ocrx_word' id='word_1_162' title='bbox 962 2172 991 2229; x_wconf 91' lang='lat' dir='ltr'><strong>in</strong></span> <span class='ocrx_word' id='word_1_163' title='bbox 1008 2169 1063 2230; x_wconf 89' lang='lat' dir='ltr'><strong>lta·</strong></span> 
     </span>
     <span class='ocr_line' id='line_1_23' title="bbox 68 2253 1131 2336; baseline -0.008 -17"><span class='ocrx_word' id='word_1_164' title='bbox 68 2260 132 2321; x_wconf 89' lang='lat' dir='ltr'><strong>llam</strong></span> <span class='ocrx_word' id='word_1_165' title='bbox 154 2278 219 2320; x_wconf 89' lang='lat' dir='ltr'><strong>cum</strong></span> <span class='ocrx_word' id='word_1_166' title='bbox 244 2258 383 2319; x_wconf 90' lang='lat' dir='ltr'><strong>mediocri</strong></span> <span class='ocrx_word' id='word_1_167' title='bbox 409 2257 491 2317; x_wconf 89' lang='lat' dir='ltr'><strong>turha</strong></span> <span class='ocrx_word' id='word_1_168' title='bbox 513 2257 696 2336; x_wconf 88' lang='lat' dir='ltr'><strong>popularium</strong></span> <span class='ocrx_word' id='word_1_169' title='bbox 715 2257 810 2331; x_wconf 83' lang='lat' dir='ltr'><strong>venit,</strong></span> <span class='ocrx_word' id='word_1_170' title='bbox 834 2256 881 2315; x_wconf 89' lang='lat' dir='ltr'><strong>cui</strong></span> <span class='ocrx_word' id='word_1_171' title='bbox 902 2253 1016 2313; x_wconf 83' lang='lat' dir='ltr'><strong>Faunus</strong></span> <span class='ocrx_word' id='word_1_172' title='bbox 1034 2253 1074 2312; x_wconf 71' lang='lat' dir='ltr'><strong>et&#39;</strong></span> <span class='ocrx_word' id='word_1_173' title='bbox 1124 2269 1131 2282; x_wconf 94' lang='lat'><strong>·</strong></span> 
     </span>
     <span class='ocr_line' id='line_1_24' title="bbox 67 2335 1063 2420; baseline -0.008 -17"><span class='ocrx_word' id='word_1_174' title='bbox 67 2361 153 2420; x_wconf 84' lang='lat' dir='ltr'><strong>agros</strong></span> <span class='ocrx_word' id='word_1_175' title='bbox 170 2353 201 2403; x_wconf 92' lang='lat' dir='ltr'><strong>et</strong></span> <span class='ocrx_word' id='word_1_176' title='bbox 215 2352 355 2419; x_wconf 89' lang='lat' dir='ltr'><strong>montem,</strong></span> <span class='ocrx_word' id='word_1_177' title='bbox 371 2360 458 2420; x_wconf 87' lang='lat' dir='ltr'><strong>quem</strong></span> <span class='ocrx_word' id='word_1_178' title='bbox 471 2340 522 2400; x_wconf 89' lang='lat' dir='ltr'><strong>ille</strong></span> <span class='ocrx_word' id='word_1_179' title='bbox 538 2349 643 2420; x_wconf 90' lang='lat' dir='ltr'><strong>postea</strong></span> <span class='ocrx_word' id='word_1_180' title='bbox 660 2340 797 2399; x_wconf 89' lang='lat' dir='ltr'><strong>Palatium</strong></span> <span class='ocrx_word' id='word_1_181' title='bbox 813 2336 990 2415; x_wconf 89' lang='lat' dir='ltr'><strong>appellavit,</strong></span> <span class='ocrx_word' id='word_1_182' title='bbox 1012 2335 1063 2395; x_wconf 93' lang='lat' dir='ltr'><strong>be·</strong></span> 
     </span>
     <span class='ocr_line' id='line_1_25' title="bbox 67 2421 1092 2504; baseline -0.004 -17"><span class='ocrx_word' id='word_1_183' title='bbox 67 2428 152 2504; x_wconf 90' lang='lat' dir='ltr'><strong>nigne</strong></span> <span class='ocrx_word' id='word_1_184' title='bbox 170 2427 342 2503; x_wconf 85' lang='lat' dir='ltr'><strong>adsignavit.</strong></span> <span class='ocrx_word' id='word_1_185' title='bbox 374 2423 406 2485; x_wconf 93' lang='lat' dir='ltr'><strong>ln</strong></span> <span class='ocrx_word' id='word_1_186' title='bbox 422 2424 507 2485; x_wconf 88' lang='lat' dir='ltr'><strong>huius</strong></span> <span class='ocrx_word' id='word_1_187' title='bbox 523 2424 669 2483; x_wconf 87' lang='lat' dir='ltr'><strong>radicibus</strong></span> <span class='ocrx_word' id='word_1_188' title='bbox 684 2421 963 2504; x_wconf 25' lang='lat' dir='ltr'><strong>templumrbpcaeo,</strong></span> <span class='ocrx_word' id='word_1_189' title='bbox 980 2428 1092 2497; x_wconf 81' lang='lat' dir='ltr'><strong>queml</strong></span> 
     </span>
     <span class='ocr_line' id='line_1_26' title="bbox 68 2503 1065 2586; baseline -0.01 -16"><span class='ocrx_word' id='word_1_190' title='bbox 68 2508 172 2570; x_wconf 84' lang='lat' dir='ltr'><strong>Graeci</strong></span> <span class='ocrx_word' id='word_1_191' title='bbox 190 2511 278 2586; x_wconf 88' lang='lat' dir='ltr'><strong>Pana,</strong></span> <span class='ocrx_word' id='word_1_192' title='bbox 293 2508 415 2568; x_wconf 84' lang='lat' dir='ltr'><strong>Romani</strong></span> <span class='ocrx_word' id='word_1_193' title='bbox 429 2507 590 2585; x_wconf 85' lang='lat' dir='ltr'><strong>Lupercum</strong></span> <span class='ocrx_word' id='word_1_194' title='bbox 605 2505 770 2586; x_wconf 83' lang='lat' dir='ltr'><strong>appellant,</strong></span> <span class='ocrx_word' id='word_1_195' title='bbox 789 2504 952 2564; x_wconf 90' lang='lat' dir='ltr'><strong>constituit:</strong></span> <span class='ocrx_word' id='word_1_196' title='bbox 970 2503 1065 2580; x_wconf 83' lang='lat' dir='ltr'><strong>ipsum</strong></span> 
     </span>
     <span class='ocr_line' id='line_1_27' title="bbox 67 2585 1065 2669; baseline -0.01 -16"><span class='ocrx_word' id='word_1_197' title='bbox 67 2592 114 2653; x_wconf 90' lang='lat' dir='ltr'><strong>dei</strong></span> <span class='ocrx_word' id='word_1_198' title='bbox 130 2595 313 2653; x_wconf 87' lang='lat' dir='ltr'><strong>simulacrum</strong></span> <span class='ocrx_word' id='word_1_199' title='bbox 329 2592 433 2652; x_wconf 91' lang='lat' dir='ltr'><strong>nudum</strong></span> <span class='ocrx_word' id='word_1_200' title='bbox 449 2593 566 2669; x_wconf 88' lang='lat' dir='ltr'><strong>caprina</strong></span> <span class='ocrx_word' id='word_1_201' title='bbox 582 2590 662 2669; x_wconf 90' lang='lat' dir='ltr'><strong>pelle</strong></span> <span class='ocrx_word' id='word_1_202' title='bbox 680 2589 812 2649; x_wconf 89' lang='lat' dir='ltr'><strong>amictum</strong></span> <span class='ocrx_word' id='word_1_203' title='bbox 824 2595 881 2662; x_wconf 88' lang='lat' dir='ltr'><strong>est,</strong></span> <span class='ocrx_word' id='word_1_204' title='bbox 897 2602 955 2663; x_wconf 88' lang='lat' dir='ltr'><strong>quo</strong></span> <span class='ocrx_word' id='word_1_205' title='bbox 966 2585 1065 2645; x_wconf 91' lang='lat' dir='ltr'><strong>babitu</strong></span> 
     </span>
     <span class='ocr_line' id='line_1_28' title="bbox 68 2669 1095 2754; baseline -0.006 -19"><span class='ocrx_word' id='word_1_206' title='bbox 68 2694 142 2737; x_wconf 90' lang='lat' dir='ltr'><strong>nnuc</strong></span> <span class='ocrx_word' id='word_1_207' title='bbox 157 2676 270 2737; x_wconf 87' lang='lat' dir='ltr'><strong>Rornae</strong></span> <span class='ocrx_word' id='word_1_208' title='bbox 289 2673 498 2754; x_wconf 86' lang='lat' dir='ltr'><strong>Lupercalibus</strong></span> <span class='ocrx_word' id='word_1_209' title='bbox 519 2675 690 2734; x_wconf 88' lang='lat' dir='ltr'><strong>decurritur.</strong></span> <span class='ocrx_word' id='word_1_210' title='bbox 735 2671 835 2732; x_wconf 83' lang='lat' dir='ltr'><strong>Fauno</strong></span> <span class='ocrx_word' id='word_1_211' title='bbox 856 2686 931 2729; x_wconf 83' lang='lat' dir='ltr'><strong>uxor</strong></span> <span class='ocrx_word' id='word_1_212' title='bbox 944 2669 998 2728; x_wconf 85' lang='lat' dir='ltr'><strong>tuit</strong></span> <span class='ocrx_word' id='word_1_213' title='bbox 1012 2675 1095 2729; x_wconf 79' lang='grc' dir='ltr'>ιιι-8</span> 
     </span>
     <span class='ocr_line' id='line_1_29' title="bbox 69 2751 1067 2836; baseline -0.012 -17"><span class='ocrx_word' id='word_1_214' title='bbox 69 2757 143 2820; x_wconf 83' lang='lat' dir='ltr'><strong>mine</strong></span> <span class='ocrx_word' id='word_1_215' title='bbox 158 2759 267 2833; x_wconf 83' lang='lat' dir='ltr'><strong>Fatua,</strong></span> <span class='ocrx_word' id='word_1_216' title='bbox 292 2776 368 2836; x_wconf 87' lang='lat' dir='ltr'><strong>quae</strong></span> <span class='ocrx_word' id='word_1_217' title='bbox 390 2756 510 2817; x_wconf 87' lang='lat' dir='ltr'><strong>adsidue</strong></span> <span class='ocrx_word' id='word_1_218' title='bbox 535 2757 632 2817; x_wconf 87' lang='lat' dir='ltr'><strong>divino</strong></span> <span class='ocrx_word' id='word_1_219' title='bbox 649 2755 752 2834; x_wconf 88' lang='lat' dir='ltr'><strong>spiritu</strong></span> <span class='ocrx_word' id='word_1_220' title='bbox 769 2754 879 2832; x_wconf 87' lang='lat' dir='ltr'><strong>inpleta</strong></span> <span class='ocrx_word' id='word_1_221' title='bbox 899 2751 990 2810; x_wconf 84' lang='lat' dir='ltr'><strong>veluti</strong></span> <span class='ocrx_word' id='word_1_222' title='bbox 1012 2767 1067 2826; x_wconf 89' lang='lat' dir='ltr'><strong>per</strong></span> 
     </span>
     <span class='ocr_line' id='line_1_30' title="bbox 70 2831 1066 2918; baseline -0.015 -16"><span class='ocrx_word' id='word_1_223' title='bbox 70 2841 197 2905; x_wconf 81' lang='lat' dir='ltr'><strong>lunonem</strong></span> <span class='ocrx_word' id='word_1_224' title='bbox 223 2843 318 2902; x_wconf 86' lang='lat' dir='ltr'><strong>futura</strong></span> <span class='ocrx_word' id='word_1_225' title='bbox 344 2840 563 2918; x_wconf 88' lang='lat' dir='ltr'><strong>praemonebat.</strong></span> <span class='ocrx_word' id='word_1_226' title='bbox 614 2838 697 2898; x_wconf 87' lang='lat' dir='ltr'><strong>Unde</strong></span> <span class='ocrx_word' id='word_1_227' title='bbox 720 2837 830 2911; x_wconf 84' lang='lat' dir='ltr'><strong>adbuc,</strong></span> <span class='ocrx_word' id='word_1_228' title='bbox 857 2834 905 2911; x_wconf 88' lang='lat' dir='ltr'><strong>qui</strong></span> <span class='ocrx_word' id='word_1_229' title='bbox 932 2831 1066 2909; x_wconf 89' lang='lat' dir='ltr'><strong>inspirari</strong></span> 
     </span>
     <span class='ocr_line' id='line_1_31' title="bbox 65 2914 1095 3003; baseline -0.01 -18"><span class='ocrx_word' id='word_1_230' title='bbox 65 2925 179 3003; x_wconf 84' lang='lat' dir='ltr'><strong>solent,</strong></span> <span class='ocrx_word' id='word_1_231' title='bbox 197 2926 301 2990; x_wconf 86' lang='lat' dir='ltr'><strong>latuari</strong></span> <span class='ocrx_word' id='word_1_232' title='bbox 316 2925 456 2984; x_wconf 90' lang='lat' dir='ltr'><strong>dicuntur.</strong></span> <span class='ocrx_word' id='word_1_233' title='bbox 475 2921 521 2982; x_wconf 82' lang='lat' dir='ltr'><strong>Ex</strong></span> <span class='ocrx_word' id='word_1_234' title='bbox 532 2922 589 2981; x_wconf 89' lang='lat' dir='ltr'><strong>lilia</strong></span> <span class='ocrx_word' id='word_1_235' title='bbox 600 2920 691 2981; x_wconf 81' lang='lat' dir='ltr'><strong>Fauni</strong></span> <span class='ocrx_word' id='word_1_236' title='bbox 705 2918 882 2990; x_wconf 88' lang='lat' dir='ltr'><strong>ctHercule,</strong></span> <span class='ocrx_word' id='word_1_237' title='bbox 901 2914 1095 2992; x_wconf 78' lang='lat' dir='ltr'><strong>quiescens</strong></span> 
     </span>
     <span class='ocr_line' id='line_1_32' title="bbox 70 2998 1067 3089; baseline -0.014 -22"><span class='ocrx_word' id='word_1_238' title='bbox 70 3016 203 3089; x_wconf 84' lang='lat' dir='ltr'><strong>tempore</strong></span> <span class='ocrx_word' id='word_1_239' title='bbox 226 3009 355 3067; x_wconf 88' lang='lat' dir='ltr'><strong>extincto</strong></span> <span class='ocrx_word' id='word_1_240' title='bbox 372 3007 507 3080; x_wconf 75' lang='lat' dir='ltr'><strong>Geryone</strong></span> <span class='ocrx_word' id='word_1_241' title='bbox 528 3014 674 3080; x_wconf 89' lang='lat' dir='ltr'><strong>armenta,</strong></span> <span class='ocrx_word' id='word_1_242' title='bbox 692 3002 833 3062; x_wconf 83' lang='lat' dir='ltr'><strong>victoriae</strong></span> <span class='ocrx_word' id='word_1_243' title='bbox 849 2998 992 3076; x_wconf 86' lang='lat' dir='ltr'><strong>praemia,</strong></span> <span class='ocrx_word' id='word_1_244' title='bbox 1013 3012 1067 3074; x_wconf 91' lang='lat' dir='ltr'><strong>per</strong></span> 
     </span>
     <span class='ocr_line' id='line_1_33' title="bbox 71 3079 1111 3167; baseline -0.009 -18"><span class='ocrx_word' id='word_1_245' title='bbox 71 3089 181 3153; x_wconf 90' lang='lat' dir='ltr'><strong>ltaliam</strong></span> <span class='ocrx_word' id='word_1_246' title='bbox 196 3092 336 3167; x_wconf 89' lang='lat' dir='ltr'><strong>ducebat,</strong></span> <span class='ocrx_word' id='word_1_247' title='bbox 353 3100 454 3167; x_wconf 88' lang='lat' dir='ltr'><strong>stupro</strong></span> <span class='ocrx_word' id='word_1_248' title='bbox 470 3096 631 3165; x_wconf 88' lang='lat' dir='ltr'><strong>conceptus</strong></span> <span class='ocrx_word' id='word_1_249' title='bbox 646 3085 762 3152; x_wconf 83' lang='lat' dir='ltr'><strong>Latinus</strong></span> <span class='ocrx_word' id='word_1_250' title='bbox 779 3088 962 3162; x_wconf 88' lang='lat' dir='ltr'><strong>procreatur.</strong></span> <span class='ocrx_word' id='word_1_251' title='bbox 998 3079 1063 3153; x_wconf 80' lang='lat' dir='ltr'><strong>Quo</strong></span> <span class='ocrx_word' id='word_1_252' title='bbox 1074 3089 1111 3141; x_wconf 86' lang='lat'><strong>10</strong></span> 
     </span>
     <span class='ocr_line' id='line_1_34' title="bbox 72 3162 1099 3252; baseline -0.011 -20"><span class='ocrx_word' id='word_1_253' title='bbox 72 3182 188 3236; x_wconf 89' lang='lat' dir='ltr'><strong>tenente</strong></span> <span class='ocrx_word' id='word_1_254' title='bbox 202 3192 323 3252; x_wconf 88' lang='lat' dir='ltr'><strong>regnum</strong></span> <span class='ocrx_word' id='word_1_255' title='bbox 339 3173 457 3232; x_wconf 78' lang='lat' dir='ltr'><strong>Aeneas</strong></span> <span class='ocrx_word' id='word_1_256' title='bbox 475 3170 510 3230; x_wconf 88' lang='lat' dir='ltr'><strong>ab</strong></span> <span class='ocrx_word' id='word_1_257' title='bbox 524 3171 579 3230; x_wconf 87' lang='lat' dir='ltr'><strong>llio</strong></span> <span class='ocrx_word' id='word_1_258' title='bbox 592 3170 681 3228; x_wconf 83' lang='lat' dir='ltr'><strong>Troia</strong></span> <span class='ocrx_word' id='word_1_259' title='bbox 696 3166 843 3228; x_wconf 85' lang='lat' dir='ltr'><strong>aGraecis</strong></span> <span class='ocrx_word' id='word_1_260' title='bbox 854 3170 1024 3240; x_wconf 70' lang='lat' dir='ltr'><strong>expugnata</strong></span> <span class='ocrx_word' id='word_1_261' title='bbox 1039 3162 1068 3219; x_wconf 94' lang='lat' dir='ltr'><strong>in</strong></span> <span class='ocrx_word' id='word_1_262' title='bbox 1096 3213 1099 3221; x_wconf 32' lang='lat' dir='ltr'><strong>r</strong></span> 
     </span>
    </p>

    <p class='ocr_par' dir='ltr' id='par_1_6' title="bbox 9 3244 1193 3570">
     <span class='ocr_line' id='line_1_35' title="bbox 9 3244 1084 3333; baseline -0.013 -18"><span class='ocrx_word' id='word_1_263' title='bbox 9 3271 11 3277; x_wconf 87' lang='lat'>·</span> <span class='ocrx_word' id='word_1_264' title='bbox 72 3255 182 3320; x_wconf 91' lang='lat' dir='ltr'><strong>ltaliam</strong></span> <span class='ocrx_word' id='word_1_265' title='bbox 199 3260 278 3317; x_wconf 86' lang='lat' dir='ltr'><strong>venit</strong></span> <span class='ocrx_word' id='word_1_266' title='bbox 292 3258 444 3333; x_wconf 87' lang='lat' dir='ltr'><strong>statimque</strong></span> <span class='ocrx_word' id='word_1_267' title='bbox 459 3253 540 3314; x_wconf 91' lang='lat' dir='ltr'><strong>bello</strong></span> <span class='ocrx_word' id='word_1_268' title='bbox 557 3262 711 3330; x_wconf 85' lang='lat' dir='ltr'><strong>exceptus,</strong></span> <span class='ocrx_word' id='word_1_269' title='bbox 728 3269 790 3309; x_wconf 87' lang='lat' dir='ltr'><strong>curn</strong></span> <span class='ocrx_word' id='word_1_270' title='bbox 806 3250 834 3307; x_wconf 94' lang='lat' dir='ltr'><strong>in</strong></span> <span class='ocrx_word' id='word_1_271' title='bbox 851 3247 942 3308; x_wconf 90' lang='lat' dir='ltr'><strong>aciem</strong></span> <span class='ocrx_word' id='word_1_272' title='bbox 954 3244 1084 3329; x_wconf 54' lang='lat' dir='ltr'><strong>exorcis}</strong></span> 
     </span>
     <span class='ocr_line' id='line_1_36' title="bbox 74 3328 1087 3415; baseline -0.016 -16"><span class='ocrx_word' id='word_1_273' title='bbox 74 3349 130 3399; x_wconf 89' lang='lat' dir='ltr'><strong>tum</strong></span> <span class='ocrx_word' id='word_1_274' title='bbox 145 3342 314 3415; x_wconf 83' lang='lat' dir='ltr'><strong>eduxisset,</strong></span> <span class='ocrx_word' id='word_1_275' title='bbox 333 3339 369 3398; x_wconf 92' lang='lat' dir='ltr'><strong>ad</strong></span> <span class='ocrx_word' id='word_1_276' title='bbox 391 3338 576 3415; x_wconf 88' lang='lat' dir='ltr'><strong>conloquium</strong></span> <span class='ocrx_word' id='word_1_277' title='bbox 591 3344 713 3394; x_wconf 87' lang='lat' dir='ltr'><strong>vocatus</strong></span> <span class='ocrx_word' id='word_1_278' title='bbox 728 3342 833 3392; x_wconf 88' lang='lat' dir='ltr'><strong>tantam</strong></span> <span class='ocrx_word' id='word_1_279' title='bbox 852 3328 1087 3389; x_wconf 78' lang='lat' dir='ltr'><strong>admirationem:</strong></span> 
     </span>
     <span class='ocr_line' id='line_1_37' title="bbox 73 3413 1139 3555; baseline -0.013 -74"><span class='ocrx_word' id='word_1_280' title='bbox 73 3426 118 3483; x_wconf 87' lang='lat' dir='ltr'><strong>sui</strong></span> <span class='ocrx_word' id='word_1_281' title='bbox 134 3425 233 3485; x_wconf 82' lang='lat' dir='ltr'><strong>Latino</strong></span> <span class='ocrx_word' id='word_1_282' title='bbox 248 3422 398 3503; x_wconf 87' lang='lat' dir='ltr'><strong>praebuit,</strong></span> <span class='ocrx_word' id='word_1_283' title='bbox 421 3429 452 3479; x_wconf 88' lang='lat' dir='ltr'><strong>ut</strong></span> <span class='ocrx_word' id='word_1_284' title='bbox 467 3429 496 3480; x_wconf 94' lang='lat' dir='ltr'><strong>et</strong></span> <span class='ocrx_word' id='word_1_285' title='bbox 513 3421 543 3479; x_wconf 92' lang='lat' dir='ltr'><strong>in</strong></span> <span class='ocrx_word' id='word_1_286' title='bbox 557 3419 728 3479; x_wconf 87' lang='lat' dir='ltr'><strong>societatem</strong></span> <span class='ocrx_word' id='word_1_287' title='bbox 742 3415 827 3492; x_wconf 91' lang='lat' dir='ltr'><strong>regni</strong></span> <span class='ocrx_word' id='word_1_288' title='bbox 840 3413 1024 3555; x_wconf 59' lang='lat' dir='ltr'><strong>re1c4iperetur</strong></span> <span class='ocrx_word' id='word_1_289' title='bbox 1039 3416 1070 3469; x_wconf 92' lang='lat' dir='ltr'><strong>et</strong></span> <span class='ocrx_word' id='word_1_290' title='bbox 1136 3443 1139 3446; x_wconf 18' lang='grc' dir='ltr'><strong><em>Δ</em></strong></span> 
     </span>
     <span class='ocr_line' id='line_1_38' title="bbox 118 3521 1177 3570; baseline -0.005 -3"><span class='ocrx_word' id='word_1_291' title='bbox 118 3527 282 3570; x_wconf 84' lang='lat' dir='ltr'><strong>uusrrnus.</strong></span> <span class='ocrx_word' id='word_1_292' title='bbox 399 3521 438 3562; x_wconf 86' lang='grc'><strong>.’</strong></span> <span class='ocrx_word' id='word_1_293' title='bbox 488 3523 491 3529; x_wconf 91' lang='grc'><em>·</em></span> <span class='ocrx_word' id='word_1_294' title='bbox 1174 3523 1177 3530; x_wconf 22' lang='grc' dir='ltr'>ι</span> 
     </span>
    </p>
   </div>
   <div class='ocr_carea' id='block_1_5' title="bbox 0 0 1236 3975">
    <p class='ocr_par' dir='ltr' id='par_1_7' title="bbox 0 0 1236 3975">
     <span class='ocr_line' id='line_1_39' title="bbox 0 0 1236 3975; baseline 0 0"><span class='ocrx_word' id='word_1_295' title='bbox 0 0 1236 3975; x_wconf 95' lang='lat' dir='ltr'><strong> </strong></span> 
     </span>
    </p>
   </div>
  </div>
 </body>
</html>
