2442 3975
89 191 178 244 xxxi
189 194 244 248 us
420 197 511 248 utar.
528 198 622 243 Pam.
638 197 729 244 ae1u.
1011 184 1075 246 too

89 354 176 413 armis
194 371 226 412 se
243 362 430 430 recepturum
445 351 566 411 dixerat.
596 351 666 411 Post
680 351 754 411 baec
773 351 857 428 leges
878 352 960 430 pacis
977 352 1105 414 dicun-8

88 446 149 496 tur:
162 445 194 496 ut
205 435 275 495 Asia
285 436 424 495 Romanis
441 436 575 511 cederet,
592 443 744 495 contentus
760 435 862 509 Syriae
876 451 967 511 regno
984 444 1075 511 esset,

89 538 180 580 naves
197 520 364 592 universas,
377 519 516 597 captivos
533 528 562 577 et
582 519 747 593 transfugas
770 518 899 578 traderet
923 529 1076 596 sumptum·

89 621 148 681 que
171 620 284 661 omnem
304 602 376 683 belli
396 601 532 662 Romanis
551 603 727 661 restitueret.
767 600 850 673 Quae
869 618 932 659 cnm
952 602 1106 666 nuntiatas

90 685 237 744 Antiocho
255 695 370 761 essent,
389 685 513 745 nondum
533 685 571 746 itu
590 686 698 743 victum
721 701 753 742 se
777 701 844 742 esse
863 684 1028 761 respondit,
1048 693 1078 743 ut

91 769 213 847 spoliari
233 786 268 826 se
290 785 382 845 regno
406 777 572 847 pateretur,
594 766 782 845 bellique-ea
804 768 999 843 inritamenta,
1021 784 1079 826 non

90 852 173 929 pacis
191 851 383 912 blandimenta
398 870 476 911 esse.

154 933 184 994 8.
206 933 297 1010 lgitur
313 952 376 994 eum
394 935 429 994 ab
446 934 578 1011 utrisque
599 932 707 992 bellum
725 941 877 1011 pararetur
892 933 1105 1011 ingressiqucl

91 1017 190 1076 Asiam
202 1015 322 1078 Romani
336 1017 419 1077 llium
432 1018 599 1091 venissent,
611 1025 707 1075 mutua
717 1017 871 1093 gratulatio
887 1015 1033 1075 Iliensium
1043 1034 1080 1075 ac

91 1100 285 1159 Romanorum
302 1101 369 1160 fuit:
389 1100 544 1160 Iliensibus
560 1099 682 1158 Aenean
699 1109 875 1177 ceterosque
898 1117 961 1158 cum
976 1117 1013 1159 eo
1028 1099 1078 1158 du·

92 1201 144 1242 ces
162 1201 178 1241 a
194 1202 227 1242 se
243 1184 411 1260 profectos,
427 1183 564 1243 Romanis
580 1201 614 1241 se
628 1182 663 1241 ab
679 1184 724 1242 his
739 1192 910 1264 procreatos
925 1182 1078 1243 referenti·

91 1266 159 1334 bus3
174 1275 309 1344 tantaque
327 1267 435 1327 laetitia
455 1269 578 1326 omnium
597 1266 664 1343 fuit,
681 1276 785 1344 quanta
798 1284 866 1324 esse
880 1275 948 1343 post
963 1266 1079 1342 longum
1091 1270 1119 1328 2‘

89 1359 204 1427 tempus
220 1351 294 1409 inter
309 1361 446 1428 parentes
461 1359 490 1409 et
505 1349 617 1409 liberos
633 1350 719 1409 solet.
750 1348 871 1409 lauabat
887 1348 1010 1409 Ilienses
1028 1361 1110 1414 ne·3

91 1442 188 1512 potes
203 1450 273 1491 suos
298 1435 452 1494 occidente
475 1442 505 1492 ct
530 1433 631 1493 Africa
661 1433 767 1492 domita
794 1434 892 1492 Asiam
919 1443 950 1492 nt
975 1435 1080 1492 avitum

90 1534 212 1591 regnum
227 1516 374 1576 vindicare
384 1516 568 1594 ,optabilem
584 1515 690 1575 Troiae
704 1517 814 1575 ruinam
829 1516 919 1575 inisse
938 1516 1079 1591 dicentes,

91 1608 122 1658 ut
137 1607 193 1656 tam
208 1597 335 1657 feliciter
355 1608 569 1658 renasceretur
603 1596 710 1657 Contra
729 1598 875 1656 Romanos
895 1599 988 1656 avitos
1003 1599 1110 1662 taresl

92 1690 122 1741 et
136 1680 307 1740 incunabula
320 1684 458 1740 maiorum
471 1682 638 1765 templaque
654 1699 688 1739 ac
703 1682 822 1762 deprum
837 1681 1008 1741 simulacra'
1001 1690 1080 1740 mex·

90 1763 202 1843 plebile
215 1763 391 1823 desiderium
405 1751 521 1823 videndi
538 1763 666 1823 tenebat.
693 1764 839 1823 Proiectis
854 1763 890 1822 ab
905 1763 960 1822 llio
976 1763 1080 1824 Roma·
1093 1777 1110 1827 5

91 1848 135 1907 nis
148 1846 294 1906 Eumenes
309 1865 363 1906 rex
378 1865 441 1906 eum
453 1847 567 1907 auxiliis
583 1849 728 1922 occurrit,
744 1865 800 1905 nec
812 1847 901 1905 multo
914 1857 981 1923 post
995 1865 1081 1925 proc·

91 1932 159 1991 lium
180 1948 244 1990 cnm
264 1929 410 1991 Antiocho
429 1930 622 1991 commissum.
662 1929 761 1990 Cum
753 1949 781 1989 m
803 1931 971 1990 dexteriore
994 1940 1112 1994 cornub

92 2016 176 2092 pulsa
187 2015 267 2090 legio
276 2013 404 2074 Romana
416 2015 525 2074 maiore
537 2014 686 2076 dedecore
700 2031 783 2091 quam
794 2013 926 2091 periculo
939 2014 974 2073 ad
987 2023 1082 2073 castra

90 2099 224 2173 fugeret,
245 2096 284 2157 tt.
304 2098 461 2173 Aemilius,
480 2095 609 2156 tribunus
626 2098 762 2173 militum,
780 2097 815 2156 ad
836 2097 954 2155 tutelam
973 2106 1083 2157 castro·

91 2198 154 2239 rum
166 2180 285 2239 relictus
298 2198 410 2240 armare
425 2198 460 2240 se
473 2180 579 2239 milites
593 2197 663 2250 suos
680 2190 709 2239 et
721 2189 803 2239 extra
820 2179 926 2238 vallum
943 2180 1083 2258 progredi

90 2262 187 2336 iubet,
213 2264 379 2341 strictisque
401 2263 506 2340 gladiis
528 2263 705 2339 fugientibus
725 2265 842 2338 minari,
864 2265 1018 2323 morituros
1042 2262 1083 2321 di·

92 2364 179 2421 cens,
203 2346 231 2404 ni
255 2348 283 2405 in
308 2346 451 2425 proelium
472 2356 671 2420 revertantur,
692 2347 901 2423 infestioraque
925 2363 975 2405 sua
998 2363 1084 2424 quam

91 2428 216 2488 bostium
239 2434 336 2490 castrai
350 2431 527 2490 inventuros.
561 2429 703 2489 Adtonita'
720 2439 777 2488 tam
797 2430 931 2506 ambiguo
951 2431 1111 2507 peniculon

91 2511 171 2588 legio
191 2512 392 2572 comitantibus
404 2512 663 2587 conmilitonibus,
678 2515 725 2590 qui
741 2514 842 2588 fugere
856 2529 909 2571 eos
927 2514 1083 2591 prohibue-

91 2603 169 2670 rant,
188 2596 216 2652 in
233 2597 375 2672 proelium
393 2599 566 2670 revertitur,
589 2613 752 2674 magnaque
771 2595 862 2655 caede
881 2597 957 2658 edita
977 2599 1084 2657 initium

93 2677 234 2735 victoriae
251 2678 312 2737 fuit.
347 2676 442 2739 Caesa
458 2679 582 2738 bostium
602 2678 624 2738 L
642 2679 736 2756 milia,
753 2688 839 2757 capta
854 2678 904 2739 Xl.
937 2679 1114 2743 Antioch08

93 2776 197 2837 pacem
227 2763 337 2836 petenti
368 2761 438 2821 nibil
475 2762 510 2820 ad
543 2764 712 2839 superiores
743 2762 932 2822 condiciones
958 2764 1084 2822 additum

92 2841 232 2900 Africano
249 2843 452 2920 praedicante,
468 2843 615 2904 Romanos
630 2863 745 2923 neque,
761 2848 786 2904 si
802 2846 967 2920 vincantur,
983 2845 1083 2904 animis

91 2926 179 2984 minui
192 2943 299 3003 neque,
315 2926 339 2984 si
352 2929 483 3002 vincant,
499 2929 636 2987 secundis
650 2929 738 2987 rebus
754 2928 944 2987 insolescere.
975 2926 1113 3003 Captas9

92 3010 226 3070 civitates
251 3010 326 3068 inter
353 3011 452 3069 socios
479 3010 621 3086 divisere,
646 3012 772 3070 muneris
797 3010 918 3068 Romani
941 3011 1084 3107 aptiorem

92 3091 191 3150 Asiam
219 3109 305 3170 quam
332 3095 543 3171 possessiones
568 3057 748 3191 voluptarias
774 3093 949 3152 iudicantes:
974 3094 1083 3170 quippe

91 3175 232 3234 victoriae
247 3174 371 3250 gloriam
389 3175 519 3239 Romano
541 3178 647 3235 nomini
665 3175 863 3235 vindicandam
870 3193 987 3287 ,opum
996 3176 1084 3234 luxu-

11 3275 15 3282 ·
89 3258 161 3316 riam
175 3258 263 3316 sociis
278 3257 506 3337 relinquendam
