2442 3975
99 218 202 271 vri-a
416 220 623 270 memoratu.
639 221 730 269 narn.
1056 176 1112 268 41⁹

98 379 201 440 fraude
217 377 416 455 imperatoris,
440 375 516 452 apud
532 392 618 452 quem
640 374 707 451 plus
725 374 806 449 prior
826 374 937 435 offensa
957 374 1112 434 valuisset-

98 481 182 541 quam
198 462 329 520 recentia
343 457 502 517 beneficia:
517 457 626 516 fecisse
642 466 737 516 autem
749 475 814 515 eum
825 458 923 534 priore
935 456 1015 529 bello
1028 457 1096 516 ideo
1112 466 1132 521 6

3 562 6 572 “
98 556 216 617 tantum,
233 542 264 603 ut
280 542 450 602 ostenderet
466 540 613 614 hostibus,
633 558 717 618 quem
735 541 836 600 ducem
854 541 1052 619 sprevissent,
1069 549 1098 599 et

97 639 127 688 ut
142 631 238 689 carius
254 628 297 684 eis
318 627 410 702 ipsam
430 624 580 683 victoriam
602 610 756 683 venderet?
784 621 885 684 Omnia
906 624 982 682 enim
1005 622 1129 686 credi-‘l

96 712 166 769 bilia
183 711 212 766 in
229 706 383 768 Alcibiade
402 708 487 783 vigor
507 708 616 783 ingenii
640 716 670 766 et
692 724 802 765 morum
826 706 938 766 luxuria
960 705 1096 764 faciebat.

96 793 215 852 Veritus
227 793 325 870 itaque
336 791 521 850 multitudinis
532 792 670 868 impetum
684 790 778 850 denuo
790 791 818 849 in
830 788 1023 849 ioluntarium
1035 789 1095 846 exi·
1113 798 1132 850 8

96 877 165 939 lium
181 874 386 951 proficiscitur.
818 910 822 916 ·

161 959 190 1017 6.
213 956 314 1036 ltaque
331 955 432 1017 Conon
450 955 595 1016 Alcibiadi
613 955 769 1029 suffectus,
786 955 896 1014 habens
911 962 977 1014 ante
993 952 1098 1011 oculos
1114 964 1129 1013 l

96 1045 143 1102 cui
158 1041 225 1100 duci
240 1042 445 1113 successisset,
460 1039 586 1099 classem
600 1039 722 1098 maxima
739 1038 877 1097 industria
892 1045 1030 1097 exornat:
1044 1035 1097 1094 sed
1113 1044 1132 1096 b

96 1118 220 1184 navibus
237 1125 390 1183 exercitus·
400 1123 512 1196 deerat,
528 1123 694 1181 fortissimis
709 1121 874 1200 quibusque
890 1122 918 1180 in
932 1120 1021 1180 Asiae
1045 1136 1117 1197 pou

96 1208 244 1286 palatinae
258 1208 381 1265 amissis.
404 1205 559 1265 Armantur
570 1215 665 1264 tamen
677 1214 764 1264 senes
779 1211 827 1264 aut
836 1204 994 1282 inpuberes
1005 1205 1098 1281 pueri,
1114 1213 1133 1266 3

97 1301 127 1350 et
142 1292 278 1350 numerus
291 1291 411 1349 militum
424 1289 488 1348 sine
501 1290 648 1347 exercitus
660 1288 768 1347 robore
785 1288 929 1366 expletur.
963 1287 1023 1346 Sed
1039 1303 1096 1345 non
1110 1294 1129 1347 4

95 1392 227 1450 magnam
237 1373 319 1432 bello
334 1389 444 1432 moram
460 1381 541 1431 aetas
559 1371 630 1430 fecit
653 1371 785 1431 inbellis:
810 1371 968 1431 caeduntur
989 1371 1097 1449 passim

24 1508 35 1527 ,
97 1467 144 1516 aut
158 1459 304 1533 fugientes
320 1457 486 1533 capiuntur3
502 1463 639 1532 tantaque
655 1464 771 1532 strages
785 1463 839 1533 ¹aut
864 1456 1030 1514 occisorum
1051 1461 1099 1512 aut

98 1542 277 1619 captivorum
291 1539 359 1613 fuit,
375 1549 406 1598 ut
420 1536 640 1598 Atheniensium
655 1538 782 1598 deletum
800 1554 857 1597 non
870 1539 1021 1614 imperium
1037 1545 1097 1594 tan-

97 1633 165 1696 tum,
183 1641 283 1682 verum
300 1624 386 1682 etiam
402 1637 506 1681 nomen
525 1621 685 1680 videretur.
722 1620 787 1693 Quo
805 1619 920 1697 proelio
934 1619 1054 1697 perditis
1071 1627 1133 1679 eto

97 1707 261 1784 desperatis
280 1705 419 1765 rebusad
436 1714 541 1765 tautam
553 1704 679 1782 inopiam
690 1703 875 1779 rediguntur,
886 1712 917 1761 ut
928 1710 1097 1778 consumpta

96 1789 211 1849 militari
227 1797 322 1849 aetate
339 1789 502 1865 peregrinis
521 1789 683 1861 civitatem,
703 1788 797 1845 servis
816 1787 997 1859 libertatem,
1021 1785 1098 1844 dam·

3 1944 6 1952 s
96 1873 169 1932 natis
191 1873 378 1948 inpunitatem
397 1872 507 1931 darent.
540 1869 643 1947 anue
658 1872 688 1928 in
704 1869 870 1928 colluvione
881 1868 1025 1928 hominum
1045 1868 1132 1931 do·6

96 1957 162 2017 mini
180 1964 265 2016 antea
283 1953 424 2015 Graeciae
440 1955 607 2031 conscripto
624 1954 756 2013 exercitu
778 1953 828 2012 vix
851 1951 1014 2012 libertatem
1037 1959 1099 2010 tue·

97 2039 207 2099 bantur.
247 2039 354 2121 lterum
375 2048 471 2098 tamen
492 2039 634 2097 fortunam
656 2039 742 2097 maris
765 2035 973 2114 experiundam
996 2034 1131 2098 decer-7

97 2132 176 2181 nunt.
210 2122 300 2182 Tanta
316 2123 406 2181 virtus
421 2124 578 2181 animorum
596 2122 665 2195 fuit,
688 2129 735 2194 ut,
758 2136 821 2178 cum
837 2118 925 2196 paulo
940 2126 1006 2176 ante
1022 2117 1098 2176 salu·
1113 2126 1134 2180 8

96 2215 155 2264 tem
166 2205 398 2282 desperaverint,
417 2205 624 2282 [speraverint]
639 2204 799 2263 victoriam.
832 2202 891 2261 Sed
904 2218 1001 2278 neque
1014 2200 1039 2257 is
1049 2202 1098 2258 mi·
1113 2210 1133 2262 9
1180 2265 1184 2276 ,

95 2289 141 2347 les
155 2297 229 2362 erat,
246 2290 295 2366 qui
311 2306 416 2347 nornen
430 2288 648 2347 Atheniensium
665 2294 809 2362 tueretur,
826 2303 921 2363 neque
940 2300 995 2343 eae
1009 2284 1098 2358 vires,

97 2371 202 2449 quibus
218 2372 336 2431 vincere
351 2380 537 2446 consuerant,
556 2388 652 2448 neque
672 2388 706 2430 ea
721 2369 843 2429 scientia
857 2368 989 2429 militaris
1002 2368 1029 2425 in
1041 2366 1098 2441 his,

96 2473 170 2533 quos
196 2456 327 2529 vincula,
349 2472 407 2515 non
431 2463 527 2515 castra
550 2454 758 2514 continuerant.
803 2452 905 2531 ltaque
929 2468 1029 2510 omnes
1052 2458 1099 2510 aut

96 2541 174 2616 capti
189 2548 238 2598 aut
252 2540 354 2598 occisi.
389 2536 461 2597 Cum
477 2538 534 2597 dux
550 2535 653 2596 Conon
669 2535 783 2614 proelio
794 2535 991 2614 superfuisset
1002 2534 1095 2608 solus,
1107 2544 1145 2596 1⁰

96 2622 298 2681 crudelitatem
315 2625 418 2682 civium
433 2630 564 2681 metuens
581 2638 646 2680 cum
662 2630 730 2680 octo
746 2619 866 2679 navibus
875 2620 915 2679 ad
926 2636 1029 2695 regem
1042 2615 1097 2690 cy-

95 2706 189 2781 prium
206 2705 342 2762 concedit
356 2704 532 2780 Euagoram.

160 2788 189 2844 7.
213 2784 252 2844 At
273 2786 331 2845 dux
351 2785 647 2847 Lacedaemoniorum
668 2786 757 2845 rebus
776 2786 904 2845 feliciter
925 2782 1018 2861 gestis
1040 2781 1130 2841 for-1

95 2879 183 2928 tunae
199 2868 323 2928 hostium
338 2869 472 2928 insultat:
491 2871 622 2947 captivas
637 2888 727 2930 naves
745 2888 810 2928 cum
826 2867 936 2946 praeda
951 2864 1058 2923 bellica
1070 2864 1098 2919 in
1114 2870 1131 2918 2

95 2951 231 3029 triumphi
249 2951 364 3012 modum
385 2961 500 3012 ornatas
528 2954 612 3012 mittit
633 2952 854 3021 lacedaemona
880 2967 914 3008 ac
934 2945 1098 3006 tributarias
1115 2955 1133 3007 3

95 3036 315 3095 Atheniensium
330 3038 481 3113 civitates,
502 3053 573 3114 quas
588 3046 682 3095 metus
697 3036 800 3095 dubiae
820 3033 893 3092 belli
915 3031 1047 3090 fortunae
1070 3030 1099 3086 in

94 3120 151 3179 lide
168 3123 321 3195 tenuerat,
338 3120 516 3180 voluntarias
538 3120 663 3197 recipit,
685 3138 741 3177 nec
764 3116 844 3178 aliud
867 3113 989 3174 dicionis
1008 3110 1098 3170 Athe·

94 3204 236 3262 niensium
251 3214 369 3280 praeter
382 3203 483 3263 urbem
499 3203 592 3281 ipsam
613 3201 759 3280 relinquit.
801 3199 884 3271 Quae
910 3204 1014 3255 cuncta
1036 3203 1133 3255 eumd

94 3284 217 3356 Athenis
232 3289 359 3348 nuntiata
375 3296 492 3361 essent,
514 3303 616 3346 omnes
632 3285 745 3346 relictis
768 3279 901 3342 domibus
922 3297 977 3358 per
998 3278 1099 3337 urbem

95 3368 261 3429 discurrere
277 3372 375 3448 pavidi
384 3394 391 3438 ;
414 3370 489 3430 alius
504 3371 591 3429 alium
606 3368 766 3434 sciscitari;
782 3373 932 3424 auctorem
946 3363 1036 3420 nuntii
1052 3379 1098 3419 re-

93 3454 228 3531 quirere;
253 3472 311 3513 non
327 3472 436 3534 pueros
456 3453 655 3532 inprudentia,
680 3467 737 3509 non
759 3466 847 3509 senes
868 3446 1019 3525 debilitas,
1042 3456 1134 3507 nont>
