2442 3975
429 231 468 278 nn
490 224 626 279 menon
649 230 761 280 nmo
1027 219 1087 282 137

69 393 113 449 sie
126 392 163 446 B.
181 407 219 449 eo,
230 391 256 447 si
272 389 389 447 vicisset
399 389 435 446 R.
452 390 585 447 Fortasse
599 391 628 445 in
642 389 793 463 archetypo
808 408 841 447 ac
856 390 880 447 si
892 391 934 446 sui
951 391 1088 448 vicissent

65 478 123 548 fuit
186 475 296 546 ligores
310 474 343 530 I.
362 475 476 544 luceres
494 475 528 530 F.
545 474 665 546 ligurias
680 475 716 530 B.
732 476 849 531 ticorias
864 474 899 529 Ε.
919 476 1046 547 lygurius
1059 474 1086 530 R

67 559 136 633 (lig.
153 555 196 633 D)
260 557 379 614 scientia
399 559 442 613 rei
466 559 594 615 militaris
609 559 691 631 Bougr
706 558 741 615 D.
764 560 883 617 scientia
901 560 1030 615 militarie
1050 559 1086 616 A.

69 643 190 701 scientia
206 642 320 698 militari
334 641 371 697 R.
402 641 446 714 Cf.
469 643 541 713 Vc,
557 649 575 703 9
590 659 682 715 neque
699 661 732 699 ea
749 642 867 700 scientia
883 642 1010 698 militaris
1025 650 1086 698 cett.

111 723 255 799 evasisse}
269 742 321 782 eva
333 743 369 781 m.
377 741 434 781 rec.
446 729 475 781 io
485 741 545 781 ros.
556 727 581 781 A
645 728 743 783 dicens
755 727 909 784 consultum
925 728 996 782 mate
1009 727 1089 797 Bono

1 830 3 849 ¹
67 812 156 868 Dueb.
180 810 332 869 maledices
346 826 424 868 cons.
440 812 474 865 L.
497 811 595 867 dicens
611 811 684 867 mate
702 827 781 871 cons.
803 810 830 865 R
894 806 967 881 §10
987 809 1088 866 misse·

40 897 108 951 ‘nii
125 895 153 950 A

131 974 164 1032 2.
185 974 238 1050 §l
257 977 404 1033 anthiocus
419 978 445 1032 A
510 985 643 1035 oneratus
660 985 738 1034 esset
752 978 811 1033 DL.
834 982 1023 1049 oneratusque
1041 994 1087 1033 es-

68 1070 112 1120 set
126 1063 213 1134 Bono
228 1061 256 1117 R
321 1078 374 1132 qua
389 1063 522 1134 sperabat
539 1062 651 1118 BOEF.
668 1065 696 1133 q*
711 1062 831 1134 sper.D.
849 1061 901 1132 que
917 1061 1029 1134 sper.B
1044 1056 1088 1134 (fn

67 1164 162 1219 marg.
171 1142 253 1218 que).
266 1144 313 1215 qui
326 1162 401 1217 sper.
410 1146 447 1201 R.
462 1146 525 1218 ana
539 1164 614 1219 sper.
628 1162 666 1202 ecc
681 1147 791 1202 Graevii
800 1148 957 1202 coniectura
968 1145 1047 1202 Dueb

68 1230 221 1302 Didymaei
232 1229 320 1300 Bone.
336 1230 450 1286 didimei
462 1230 552 1286 AGM.
561 1226 685 1301 didymei
697 1231 734 1289 E.
749 1230 862 1286 didonei
876 1228 914 1286 B.
929 1229 1052 1289 dodonei
1062 1229 1090 1284 B

69 1315 113 1390 (in
128 1313 315 1386 moretepffi
329 1312 434 1389 nanee)
444 1314 494 1370 CF
504 1311 621 1389 (neg).
636 1316 722 1372 elinei
736 1316 768 1370 L.
787 1314 912 1384 Elymaei
927 1329 1003 1370 corr.
1019 1316 1089 1370 Asu·

68 1403 157 1456 lanus
171 1404 199 1453 et
212 1396 254 1453 Is.
276 1397 387 1454 Vossius
451 1396 766 1471 §cruentatorum
782 1399 935 1455 insularum
954 1399 1035 1471 Bono
1050 1397 1088 1454 R.

68 1482 237 1541 insularinrn
252 1482 327 1553 quod
346 1481 385 1537 Is.
408 1484 519 1539 Vossius
534 1486 648 1539 coniecit
662 1489 689 1538 et
700 1482 763 1540 MS.
780 1483 869 1554 Bono.
885 1482 981 1552 habet,
1002 1481 1089 1539 Dueb.

69 1568 276 1641 significantur
285 1568 333 1637 qui
343 1568 421 1638 opud
432 1566 486 1623 Cic.
503 1567 585 1623 Vere.
595 1566 615 1623 I
619 1568 746 1638 V43‚94
757 1567 859 1638 vigiles
872 1567 985 1637 Ianique
997 1571 1092 1621 custo-

68 1654 122 1709 des
147 1657 221 1705 eunt.
255 1649 315 1705 Hos
331 1653 434 1706 rectius
454 1650 633 1708 infulatorum
654 1648 699 1723 (in
715 1651 791 1709 Leid.
814 1657 831 1710 3
850 1656 931 1705 exiet
949 1649 1093 1706 insulano-

69 1733 150 1811 rum)
171 1750 255 1806 quom
275 1735 438 1790 insulariurn
458 1739 568 1792 nomine
584 1737 724 1808 appellari
737 1737 886 1791 existimes.
917 1733 962 1805 Cf.
980 1731 1096 1791 XVIII

67 1827 130 1891 7‚9
153 1824 271 1874 ornatus
288 1834 411 1890 purpura
434 1824 461 1873 et
479 1819 593 1890 intulis,
617 1821 664 1875 ubi
679 1820 775 1875 intutis
795 1821 825 1874 in
839 1818 890 1873 EI
907 1834 969 1873 cum
991 1817 1092 1874 insutis

70 1907 269 1962 commutatum
286 1909 334 1958 est.
352 1902 463 1958 XXIV
474 1909 502 1973 8,
517 1904 711 1975 3temptorum
727 1901 867 1958 antistites
887 1901 969 1958 simul
985 1901 1092 1972 etipse

70 1998 156 2047 vates
174 2017 217 2027 -
237 2003 298 2042 curn
314 1986 474 2058 insignibus
496 1995 580 2059 atque
602 1989 701 2044 intutis
717 1986 812 2059 pavidi
836 1986 863 2041 in
884 1986 999 2058 primam
1020 2001 1092 2058 pug-

70 2073 202 2130 nantium
218 2072 306 2126 aciem
324 2077 502 2143 procurrunt.
530 2073 572 2127 Ac
587 2074 679 2128 nescio
699 2088 737 2127 on
751 2073 778 2126 in
796 2072 938 2141 see-aptore
954 2085 1093 2125 concursu

69 2159 227 2215 intulerunt
242 2156 418 2226 acquiescere
426 2159 573 2227 posuimus.
598 2156 643 2228 Cf.
651 2157 786 2212 Prudent.
800 2155 938 2224 apotheos.
949 2158 1033 2212 coeo
1043 2169 1095 2222 ge-

70 2260 128 2298 nus
138 2244 194 2296 hoc
205 2240 344 2295 hominnm
356 2241 449 2296 tremit
460 2241 555 2298 ictuta.
572 2242 615 2297 De
626 2243 720 2297 ecdem
732 2255 764 2296 re
771 2239 910 2294 XXXIX
913 2243 964 2307 zo
976 2243 1016 2292 est
1027 2251 1095 2292 con-

71 2323 360 2382 cursumultitudinis
424 2320 807 2397 §3civitatisqneestumA
864 2316 1094 2396 phitIppifllium]

72 2411 106 2483 pi
119 2409 206 2464 titium
218 2408 246 2464 ic
258 2406 349 2462 rusA
417 2406 463 2480 §4
478 2406 581 2483 fueret]
594 2410 724 2465 defuerat
734 2408 761 2464 A
824 2402 973 2480 modestia]
984 2406 1095 2462 domes·

73 2496 116 2549 tia
131 2492 159 2546 A
223 2489 273 2563 §6
289 2492 462 2564 comparavit
475 2494 712 2549 -ebsolationis
732 2509 784 2548 om.
806 2492 916 2548 ABCG.
940 2492 983 2548 De
993 2490 1028 2546 M
1035 2490 1097 2545 silet

76 2579 141 2636 Otto
205 2572 257 2648 §7
276 2592 338 2630 nanu
358 2583 387 2631 ct
405 2577 478 2648 npud
494 2576 606 2632 ΜΗ.
625 2584 653 2632 et
673 2594 726 2632 om.
742 2577 823 2649 Bong
886 2593 1016 2649 perseum
1031 2574 1095 2631 DE.

72 2675 193 2734 persecu
209 2660 257 2714 FL
322 2659 429 2715 offensa
445 2661 470 2714 A
533 2676 657 2735 promam
673 2663 707 2718 A.
723 2677 775 2733 per
791 2677 895 2718 romam
912 2660 944 2717 G.
964 2679 983 2734 p
1002 2658 1094 2715 omina

73 2742 322 2815 B.personernR
382 2743 521 2800 hobuisA
543 2741 665 2818 (mree.
683 2762 699 2801 e
719 2743 801 2819 odd.)
883 2741 935 2816 §8
956 2742 1048 2815 persis
1060 2742 1093 2795 A.

75 2844 181 2902 perses
204 2827 260 2882 CF.
283 2844 402 2899 perseus
426 2827 453 2882 R
520 2829 680 2900 egritudine
700 2832 726 2885 A
794 2826 1004 2901 proditioneA
1070 2825 1097 2879 ei

75 2911 171 2985 patris
183 2910 265 2982 Bono
276 2911 354 2966 Dueb
366 2911 427 2968 DL.
444 2913 471 2968 ei
486 2928 538 2968 om.
552 2913 585 2966 F.
603 2913 692 2984 patris
709 2914 734 2969 ei
748 2913 775 2969 R
840 2912 916 2983 quod
929 2909 1016 2964 obicit
1030 2911 1056 2964 A

147 2994 177 3051 3.
195 2993 245 3066 §1
264 2991 385 3069 aemulo]
401 3013 434 3052 ee
448 2999 479 3052 in
493 3012 551 3051 roe.
568 2999 593 3052 A
658 3014 713 3052 non
733 2994 935 3053 neclementior
949 2992 982 3047 A.
1007 3009 1099 3049 nonne

81 3079 250 3135 clementior
267 3079 299 3134 G.
319 3095 374 3135 non
395 3081 560 3137 clementior
577 3079 619 3135 M.
640 3098 694 3137 non
711 3079 907 3137 inclementior
923 3076 954 3133 C.
973 3093 1027 3133 nou
1048 3077 1099 3132 nni-

80 3164 145 3219 ei0r
157 3163 193 3218 Β.
210 3163 227 3217 fi
242 3164 382 3234 negtetior
394 3165 431 3219 Ι).
447 3180 502 3221 non
515 3164 707 3236 negligentior
718 3165 745 3222 R
758 3159 923 3237 (-gent‘F>
989 3158 1097 3235 verum]

80 3265 100 3303 v
114 3262 175 3302 ros.
192 3247 217 3301 A
281 3264 377 3318 regem
398 3265 430 3303 se
452 3249 571 3319 gerebat
585 3250 676 3321 Bone.
695 3266 726 3306 se
740 3265 794 3305 om.
809 3247 840 3305 0.
874 3247 997 3301 Librarii
1013 3248 1099 3302 inter-

80 3331 149 3386 dum
159 3337 226 3403 post
241 3332 343 3401 agendi
359 3331 371 3405 <
380 3332 530 3404 Woplcene.
548 3339 575 3388 et
588 3333 656 3389 Abr.
674 3334 792 3390 Gronov.
811 3333 850 3386 od
864 3331 884 3386 I
894 3336 925 3397 7,
943 3328 992 3404 16)
1007 3337 1033 3386 et
1047 3346 1112 3401 ges

82 3416 164 3472 rendi
190 3416 275 3471 verba
301 3432 348 3471 se·
361 3418 484 3487 addecet,
513 3417 560 3472 ubi
586 3425 684 3473 contra
704 3417 927 3472 consuetudinem
955 3417 1102 3484 scriptoris

80 3497 229 3573 (Benecke
240 3500 280 3556 αα
293 3499 319 3555 tc.
335 3497 368 3574 l.)
384 3508 433 3557 out
446 3517 502 3557 non
517 3516 629 3557 necesse
645 3507 694 3557 est.
718 3502 761 3573 Os.
774 3502 867 3557 cenot.
878 3500 917 3554 cd
926 3497 1105 3556 XXXVIII
