2442 3975
80 181 202 234 tra-10
425 182 728 233 ursmarumrrarr.
1038 171 1082 232 ss

81 351 224 402 taxerxen
240 336 394 400 Persarum
408 353 511 412 regem
534 337 751 414 copperissent,
774 338 861 398 citato
878 338 982 399 itinere
992 337 1079 397 mise·

81 433 157 500 runt,
174 424 224 501 qui
240 440 306 483 eum
320 421 545 496 interciperent:
562 438 579 480 a
595 420 698 498 quibus
713 430 890 499 occupatus,
909 438 973 479 curn
988 418 1127 483 occidilt

83 516 184 585 aperte
196 522 255 565 non
270 512 383 583 posset,
399 503 481 560 vivus
496 502 526 560 in
541 502 688 577 cubiculo,
703 504 803 582 inquo
823 503 1000 577 dormiebat,
1016 519 1079 562 cre·

82 599 174 650 matus
191 597 247 648 est.
900 646 904 653 .

33 659 44 676 ’⁴
146 675 176 733 9.
189 670 316 731 Liberati
326 669 384 729 hoc
396 668 498 737 ultoris
509 677 585 727 ruetu
598 667 711 744 tyranni
722 670 844 731 miseras
856 669 937 730 urbis
943 668 1082 745 reliquias
1099 677 1115 729 1

83 754 224 815 caedibus
240 763 269 813 et
283 753 391 830 rapinis
406 751 585 829 exhauriunt.
620 752 707 826 Quod
721 772 786 813 cunr
800 753 960 832 displicere
977 752 1025 810 uni
1044 768 1082 809 ex
1099 754 1147 810 2·

82 855 203 897 numero
219 854 272 896 suc
286 834 456 896 l'berarueni
471 835 657 910 didicissent,
678 839 772 916 ipsum
794 852 911 914 quoque
930 834 966 894 ad
989 842 1082 892 terro·

82 939 145 981 reru
160 921 283 979 omnium
295 919 477 983 interficiunt.
510 919 556 979 Fit
570 920 658 996 igitur
672 938 710 979 ex
731 918 803 979 urbe
825 920 934 996 passim
959 917 1081 976 omnium
1098 924 1116 976 3

83 1004 170 1079 iuga,
199 1003 395 1081 repleturque·
419 1001 542 1063 Graecia
566 1002 787 1063 Atheniensium
817 1001 960 1062 exulibus.
996 998 1115 1072 Quoue

83 1088 170 1146 etiam
194 1087 287 1164 ipsum
311 1086 447 1147 auxilium
471 1103 540 1145 cunr
559 1086 675 1145 miseris
697 1088 863 1164 eriperetur
891 1085 972 1162 (nam
992 1082 1081 1143 Lace·

86 1171 302 1230 daemoniorum
321 1168 418 1229 edicto
440 1170 572 1229 civitates
599 1169 702 1230 exules
727 1170 864 1248 recipere
888 1165 1084 1246 prohibeban-

83 1253 159 1330 tur),
185 1270 287 1312 omnes
307 1270 341 1311 se
360 1252 459 1329 Argos
480 1261 510 1311 et
530 1252 647 1312 Thebas
669 1253 835 1313 contulere:
858 1251 898 1312 ibi
911 1267 970 1314 non
991 1253 1116 1313 solum5

84 1344 174 1394 tutum
204 1335 321 1395 erilium
347 1343 492 1411 egerunt,
525 1353 626 1394 verum
653 1338 738 1396 etiam
765 1354 847 1414 spem
872 1336 1085 1416 reciperandae

83 1419 192 1496 patriae
210 1427 409 1496 preceperunt.
457 1417 528 1478 Erat
558 1420 634 1478 inter
660 1419 764 1480 exules
792 1419 1009 1494 Thrasybulus,
1039 1420 1117 1481 vird

83 1510 216 1560 strenuus
238 1511 268 1561 et
282 1502 359 1561 domi
381 1502 505 1577 nobilis,
531 1503 580 1580 qui
600 1504 760 1563 audendum
791 1503 900 1580 aliquid
918 1520 971 1582 pro
992 1503 1084 1579 patria

19 1657 22 1662 Ι
83 1591 114 1642 et
142 1600 197 1660 pro
227 1585 321 1644 salute
350 1587 492 1644 communi
520 1588 606 1644 etiarn
637 1604 701 1646 cunr
729 1586 861 1663 periculo
891 1594 988 1660 ratus,
1015 1584 1084 1643 adu·

82 1667 157 1725 natis
178 1667 311 1727 exulibus
332 1668 484 1728 nusiellum
505 1668 616 1742 Phylen
637 1669 798 1729 Atticorum
825 1669 919 1728 linium
948 1676 1084 1746 occupat.

85 1748 149 1808 Neo
166 1750 267 1809 deerat
281 1752 454 1827 quarundam
471 1752 628 1811 eivitatium
639 1761 696 1812 tam
709 1752 836 1812 crudelis
849 1770 934 1811 casus
945 1753 1083 1811 miseran·
1100 1756 1117 1811 7

84 1820 154 1891 tidrn
169 1832 265 1891 lavor,
291 1831 392 1910 ltaque
406 1832 556 1910 Ismenias,
573 1835 776 1895 Thebanorum
792 1837 941 1913 princeps,
961 1834 1017 1895 etsi
1033 1851 1084 1910 pn·
1099 1843 1118 1896 8

83 1914 169 1974 blicis
179 1933 237 1976 non
250 1925 375 1995 poterat,
390 1919 510 1997 privatis
526 1926 622 1976 tamen
633 1917 917 1984 viribusadiuvabat;
936 1915 1083 1991 ethysias,
1100 1925 1117 1979 9

82 2001 284 2074 Syracusanus
303 2010 413 2077 orator,
430 2002 499 2062 exul
517 2010 584 2061 tunc
604 2003 779 2080 quingentos
802 2001 947 2078 stipendio
969 2016 1021 2057 suo
1042 2001 1084 2058 in·

82 2091 210 2143 structos
226 2084 254 2142 in
269 2084 406 2144 auxilium
424 2086 536 2161 patriae
552 2088 709 2145 communis
723 2085 911 2162 eloquentiae
923 2084 1009 2142 misit.
1040 2081 1085 2140 Pit
1093 2092 1128 2144 10

81 2167 181 2243 itaque
198 2184 334 2243 asperum
349 2167 507 2244 proelium:
531 2168 584 2227 sed
606 2168 758 2228 cumhinc
783 2184 837 2245 pro
854 2167 947 2245 patria
968 2166 1084 2224 summis

81 2248 202 2324 viribus,
217 2249 285 2309 inde
303 2266 362 2327 pro·
371 2250 466 2310 aliena
480 2250 675 2312 dominatione
692 2253 824 2311 securius
839 2257 1026 2328 pugnaretur,
1039 2257 1083 2322 ty·
1121 2285 1125 2291 «

2 2405 4 2408 v
81 2334 161 2392 ranni
178 2333 345 2409 vincuntur,
362 2334 432 2393 vieti
447 2335 476 2392 in
489 2332 590 2394 urbem
604 2336 793 2412 refugerunt,
816 2332 1126 2413 quam'exbaustamll

83 2416 222 2476 caedibus
236 2418 297 2476 suis
308 2418 395 2476 etiam
408 2418 496 2476 armis
508 2418 644 2495 spoliant.
674 2417 787 2479 Deinde
800 2435 864 2478 curn
880 2434 979 2476 omues
994 2416 1126 2477 Athe-12

80 2501 199 2559 menses
220 2500 393 2577 proditionis
416 2510 574 2577 suspectos
594 2501 752 2577 baberent,
779 2502 945 2577 demigrare
968 2515 1022 2559 eos
1046 2517 1084 2559 ex

81 2582 157 2641 urbe
174 2583 275 2642 iubent
290 2592 319 2642 et
333 2584 362 2643 in
376 2583 523 2643 bracchiis
538 2587 628 2660 muri,
653 2599 728 2662 quae
748 2585 840 2645 diruta
861 2584 985 2658 fuerant,
1002 2582 1082 2642 babi-

84 2672 161 2737 tare,
178 2667 326 2726 extraneis
341 2667 479 2734 militibus
494 2669 645 2744 imperium
659 2677 783 2728 tuentes.
824 2667 894 2727 Post
911 2668 985 2727 baec
995 2665 1128 2724 Thra-13

83 2744 220 2819 sybulum
238 2764 427 2825 corrumpere
443 2751 556 2827 imperii
579 2752 751 2810 societatem
777 2751 952 2829 pollicentes
976 2763 1083 2816 cosan·

82 2837 138 2887 tur.
173 2827 260 2901 Quod
275 2848 340 2890 oum
357 2848 415 2889 non
431 2833 614 2909 contigisset,
630 2835 737 2894 auxilia
751 2830 1015 2893 abacedaemoniis
1031 2833 1127 2903 pe·14

81 2911 191 2998 tinere,
216 2913 322 2991 quibus
344 2916 445 2974 accitis
462 2916 565 2975 iterato
586 2918 774 2994 proeliantur.
816 2916 848 2976 ln
866 2932 902 2974 eo
921 2912 1001 2972 bello
1022 2908 1083 2967 Gri·
1092 2918 1125 2970 15

81 2995 136 3054 tias
148 3003 177 3055 et
192 2995 420 3075 Hippomacbus,
436 2999 560 3058 omnium
577 3009 761 3074 tyrannorum
777 2996 949 3068 saevissimi,
969 2993 1082 3053 eadunt.

149 3080 197 3139 10.
218 3078 338 3141 Ceteris
353 3083 437 3141 uictis
453 3099 517 3142 cunr
529 3085 678 3144 exercitus
690 3100 806 3156 eorum,
822 3098 860 3139 ex
877 3077 981 3156 quibus
993 3076 1085 3135 maior
1100 3088 1115 3134 1

82 3177 151 3237 pars
165 3162 383 3224 Atheniensium
404 3175 483 3240 erat,
504 3165 638 3241 lugeret,
661 3182 764 3242 magna
784 3179 860 3222 voce
884 3157 1085 3233 Thrasybulus

82 3244 239 3307 exclamat:
260 3264 355 3305 curse
369 3248 637 3325 victoremiugiant
658 3250 755 3327 potius
776 3264 861 3324 quana
883 3253 915 3303 ut
939 3241 1084 3301 vindicem

82 3330 239 3388 communis
252 3330 394 3391 libertatis
406 3328 561 3391 adiuvent?
580 3329 692 3391 Civium
704 3330 782 3390 illam
790 3327 972 3389 meminerint
978 3316 1082 3398 aciem,
1096 3330 1115 3383 t

78 3426 139 3470 nou
154 3410 278 3472 bostium
297 3432 381 3481 esse:
397 3432 453 3474 uec
469 3432 502 3473 se
513 3415 581 3474 ideo
593 3432 672 3475 arura
687 3414 823 3491 cepisse,
839 3421 870 3471 ut
884 3409 981 3488 aliqua
997 3407 1085 3467 victis
