2442 3975
115 250 156 314 36
443 330 448 341 1
521 260 773 310 recorronrrnr
998 257 1117 311 tva-a

115 415 351 476 Lacedaemoniis
363 414 432 473 illae
444 416 523 473 vires
535 414 720 491 accederent,
733 414 918 494 Lamponium'
930 415 1033 475 ducem
1052 434 1136 479 cum.

118 500 213 558 classe
225 501 256 569 in,
265 497 391 557 Siciliam
402 500 517 573 misere,
536 507 565 555 ut
585 497 638 556 sub
659 501 761 575 specie
777 499 889 557 ierendi
903 496 1116 558 Catiniensibus

85 597 102 650 6
117 581 214 641 auxilii
226 580 400 658 temptarent
412 581 530 639 Siciliae
544 581 704 658 imperium.
730 578 768 640 Et
785 584 920 659 quoniam
933 583 1023 659 prima
1038 583 1115 641 initia

117 666 285 742 frequenter
308 665 403 723 caesis
426 662 559 722 hostibus
573 681 727 742 prospera
744 664 875 740 luerunt,
895 666 1005 724 maiore
1021 664 1114 723 denno

118 748 213 807 classe
226 756 255 805 et
266 746 432 806 robustiore
444 748 575 806 exercitu
587 742 714 806 Lachete
732 756 762 805 et
780 746 922 807 Ghariade
933 746 1056 806 'ducibus
1073 748 1129 806 Si·-

83 841 101 896 t
118 830 211 890 ciliam
222 831 370 908 petivere:
392 829 445 888 sed
455 829 636 890 Catinienses
654 832 716 889 sive
729 839 805 889 metu
818 830 1038 890 Atheniensium
1054 831 1118 891 sive

118 913 214 973 taedio
236 912 307 971 belli
330 931 432 992 pacem
456 932 520 972 oum
544 913 882 986 Syracusanis-remissis
897 913 1117 973 Atheniensium

112 998 233 1057 auxiliis
245 996 386 1055 fecerant.
1087 1023 1092 1031 ·

85 1092 100 1143 1
180 1082 209 1138 4.
227 1078 384 1149 interiecto
405 1079 508 1139 deinde·
521 1089 670 1157 tempore,
691 1097 753 1138 cum
774 1080 846 1139 tides
859 1081 943 1157 pacis
960 1098 977 1140 a
992 1080 1116 1154 Syracu·

117 1164 194 1223 sanis
206 1180 263 1223 non
276 1173 449 1238 servaretur,
463 1162 557 1222 denuo
571 1163 686 1239 legatos
705 1163 834 1222 Athenas
849 1164 970 1238 mittunt,
988 1164 1036 1240 qui
1054 1179 1116 1221 sor·

117 1247 181 1307 dida
193 1256 286 1322 veste,
300 1247 406 1325 capillo
422 1245 571 1323 barbaque
591 1247 744 1323 promissis
761 1242 790 1304 et
808 1248 883 1305 omni
901 1244 1046 1322 squaloris
1067 1245 1115 1304 ha·

117 1330 176 1388 bitu
187 1329 222 1387 ad
235 1328 462 1399 misericordiam
475 1329 712 1388 commovendam
725 1329 868 1407 adquisito
884 1331 1049 1389 contionem
1067 1327 1116 1386 de·

85 1414 224 1475 uiormes
234 1410 352 1470 adeunt:
369 1410 507 1470 adduntur
517 1411 656 1489 precibus
675 1413 828 1489 lacrimae,
852 1421 881 1471 et
899 1413 937 1471 ita
952 1412 1116 1486 misericor-

118 1495 180 1554 dem
194 1494 332 1571 populum
345 1493 494 1571 supplices
507 1503 634 1570 movent,
647 1504 677 1554 ut
689 1494 889 1555 damnarentur
902 1494 1000 1570 duces,
1014 1494 1064 1571 qui
1079 1491 1115 1552 ab

85 1578 160 1643 {this
173 1577 277 1637 auxilia
290 1576 477 1635 deduxerant.
507 1576 600 1652 lgitnr
617 1579 720 1655 classis
738 1580 842 1655 ingens
861 1578 1040 1637 decernitur:
1053 1594 1115 1635 cre-

116 1669 197 1719 antur
208 1659 299 1718 duces
309 1659 408 1718 Nicias
420 1669 448 1717 et
459 1659 630 1719 Alcibiades
646 1671 675 1720 et
691 1660 867 1737 Lamachos,
885 1663 1031 1738 tantisque
1048 1658 1115 1718 viri·

117 1743 170 1801 bus
183 1742 281 1800 Sicilia
293 1744 441 1820 repetitur,
458 1751 488 1801 ut
499 1744 570 1820 ipsis
582 1746 689 1804 terrori
703 1754 812 1820 essent,
825 1746 854 1802 in
874 1761 995 1820 quorum
1010 1741 1116 1802 auxilia

84 1824 307 1888 tmittebantur.
351 1824 436 1883 Brevi
455 1834 523 1903 post
541 1834 674 1903 tempore
696 1835 836 1887 revocato
855 1826 891 1887 ad
911 1836 1021 1886 reatum
1036 1824 1115 1885 Alci·
1197 1822 1204 1831 '

117 1907 204 1966 biade
215 1907 271 1967 duo
283 1908 395 1986 proelia
409 1908 555 1985 pedestria
568 1909 696 1969 secunda
713 1909 811 1969 Nicias
824 1918 852 1968 et
869 1908 1028 1968 Lamachos
1045 1907 1115 1967 iaci·

83 2000 181 2059 5unt;
204 1991 406 2051 munitionibus
429 1992 532 2052 deinde
556 1993 740 2064 circumdatis
769 1993 869 2051 hostes
892 1995 977 2051 etiam
999 1990 1116 2049 marinis

84 2073 320 2138 dcemmeatibus
342 2076 370 2133 in
393 2074 465 2133 urbe
490 2076 605 2135 clausos
630 2075 831 2135 intercludunt.
887 2072 998 2148 Quibus
1026 2072 1116 2132 rebus

85 2166 100 2219 7
118 2158 202 2216 fracti
218 2158 393 2231 Syracusani
410 2157 545 2217 auxilium
563 2177 579 2217 a
597 2158 833 2218 Lacedaemoniis
850 2159 1024 2235 petiverunt.
1069 2154 1115 2213 Ab

116 2240 160 2299 his
171 2242 288 2298 mittitur
301 2240 443 2317 (ly-lippus
456 2241 547 2315 solus,
560 2241 612 2300 sed
624 2243 672 2319 qui
691 2243 781 2299 instar
798 2243 922 2300 omnium
944 2240 1115 2300 auxiliorum

85 2333 103 2385 8
117 2331 188 2388 erat.
220 2321 248 2385 ls
263 2322 358 2382 audito
371 2341 482 2398 genere
495 2323 565 2382 belli
582 2326 638 2384 iam
649 2324 788 2384 inclinato
801 2332 875 2383 statu
886 2324 1000 2384 auxiliis
1013 2324 1115 2401 partim

116 2406 144 2462 in
160 2405 296 2479 Graecia,
312 2408 414 2481 partim
430 2408 458 2464 in
476 2406 575 2466 Sicilia
594 2408 750 2468 contractis
767 2417 931 2486 opportuna
950 2406 1028 2465 bello
1048 2406 1114 2463 loca

88 2495 251 2563 coccupat.
294 2486 413 2547 Duobus
432 2489 535 2549 deinde
556 2490 677 2567 proeliis
697 2492 805 2565 victus,
832 2507 1010 2567 congressus
1027 2488 1114 2546 tertio

116 2571 217 2629 occiso
231 2568 375 2631 Lamacho
395 2580 424 2629 et
441 2571 542 2632 hostes
560 2573 588 2630 in
608 2574 707 2650 lugam
727 2574 857 2651 conpulit
874 2582 902 2632 et
920 2572 1018 2631 socios
1036 2570 1114 2645 obsi.

74 2650 199 2713 lodione
212 2651 356 2712 liberavit.
390 2654 447 2713 Sed
463 2673 525 2714 cum
535 2655 731 2730 Athenienses
743 2674 759 2716 a
772 2655 998 2715 hettooerresni
1019 2654 1048 2713 in
1065 2671 1120 2713 na-'

115 2735 180 2795 val'e
199 2754 231 2794 se
249 2738 477 2812 transtulissent,
499 2738 641 2817 Gylippus
664 2741 788 2800 classem
809 2738 1029 2799 Lacedaemone
1052 2754 1115 2796 cum

73 2819 225 2879 llauxiliis
243 2822 375 2879 arcessit.
407 2821 472 2895 Quo
494 2824 613 2897 cognito
634 2832 663 2881 et
682 2824 738 2900 ipsi
758 2821 953 2881 Athenienses
972 2823 1000 2879 in
1018 2821 1115 2880 locum

114 2904 210 2960 amissi
221 2902 302 2962 ducis
313 2902 530 2963 Demosthenen
551 2913 581 2962 et
597 2905 814 2980 Eurymedonta
832 2922 895 2964 oum
912 2904 1114 2982 supplemento
1198 2969 1207 2986 ο

74 2992 107 3045 12
115 2987 262 3062 copiarum
278 2987 400 3045 mittunt·
433 2986 641 3065 Peloponnesii
662 3007 778 3066 quoque
799 2986 1115 3047 communi.clvitatium

114 3066 234 3128 decreto
246 3070 374 3144 ingentia
385 3071 575 3144 Syracusanis
587 3072 693 3130 auxilia
705 3073 830 3146 misere,
844 3079 872 3129 et
883 3068 965 3147 qnasi
973 3066 1114 3127 Graeciae

113 3150 220 3209 bellum
232 3153 260 3209 in
273 3152 400 3212 Siciliam
411 3154 579 3212 translatum
592 3163 686 3231 essct,
703 3157 741 3213 ita
761 3172 798 3212 ex
810 3163 931 3230 utraque
945 3160 1028 3228 parte
1040 3168 1114 3209 sum-

116 3234 169 3291 mis
180 3233 291 3293 viribus
303 3235 512 3304 dimicabatur„

85 3326 100 3376 l
178 3317 207 3374 5.
227 3316 319 3376 Prima
332 3321 419 3395 igitur
431 3320 643 3395 congressione
655 3320 767 3379 navalis
785 3319 949 3378 certaminis
957 3318 1114 3377 Athenien·

113 3414 161 3454 ses
172 3399 336 3476 vincuntur,
357 3411 451 3462 castra
464 3420 580 3480 quoqne
594 3422 657 3462 cum
671 3406 747 3462 omni
761 3403 878 3480 publica
890 3420 925 3461 ac
939 3403 1050 3480 privata
1063 3416 1114 3477 pe·

83 3480 194 3538 reunia
211 3482 348 3541 amittunt.
392 3486 488 3564 Super
507 3486 582 3545 haec
600 3487 675 3546 mala
695 3505 758 3545 cum
778 3487 865 3545 etiam
882 3485 1015 3545 terrestri
1028 3499 1115 3562 proe-
