2442 3975
78 187 256 247 xxxvlnc.
271 191 303 244 1o
406 190 495 246 nisu.
514 199 606 247 aare.
623 198 714 245 narr.
1002 188 1061 248 193

76 348 207 426 Namque
222 349 404 429 Demetrius,
419 351 495 409 sicut
504 368 592 428 snpra
608 351 713 410 dietum
724 341 864 424 est‚‘cum
877 352 985 412 bellom
996 353 1093 413 Par-2

76 433 133 493 this
155 433 298 492 intulisset
319 442 349 491 et
370 433 465 492 multis
486 433 744 509 congressionibus
765 435 859 500 victor
878 435 995 511 luisset,
1018 455 1063 494 re·

75 525 164 592 pente
180 516 290 574 insidiis
304 518 515 575 circumventus
530 518 637 576 amisso
650 518 780 575 exercitu
796 519 916 595 capitur.
945 514 997 576 Cui
1009 519 1062 579 Ar·
1076 529 1094 580 3

67 598 192 657 sacides
209 615 309 683 parem
326 601 355 657 in
369 598 512 673 Hyrcania
528 617 585 657 non
607 598 714 658 cultum
730 608 835 658 tantum
853 603 964 675 regium
980 618 1064 676 prae·

75 681 163 756 stitit,
180 680 233 739 sed
248 678 277 739 et
291 681 401 740 liliam
392 700 421 740 ιιι
438 684 646 743 matrimonium
662 682 741 741 dedit
756 700 934 760 regnumque
950 683 1063 756 Syriae,

70 758 154 839 'quod
177 781 231 860 per
245 762 403 822 absentiam
424 767 486 824 eius
507 765 626 843 Trypho
642 768 854 844 occupaverat,
870 769 1066 825 restituturum

75 847 225 923 promittit.
257 846 332 905 Post
349 847 431 907 huius
452 858 573 907 mortem
595 847 754 925 desperato
776 847 868 907 reditu
891 864 949 906 nou
966 848 1094 911 ierensa

76 931 272 1004 captivitatem
283 929 464 1028 Demetrius,
488 932 626 1007 privatam
647 932 702 988 etsi
715 930 879 1007 opulentam
894 933 980 990 vitam
998 950 1064 1007 per

74 1020 190 1101 laesus,
208 1013 339 1070 tacitus
330 1031 359 1071 m
381 1031 501 1110 regnum
517 1013 613 1089 fugam
635 1013 796 1085 meditatur.
827 1012 966 1071 llortator
980 1014 1021 1073 illi
1036 1021 1093 1078 ets

73 1094 174 1153 eomes
190 1093 384 1154 Gallimander
401 1097 509 1154 amicus
525 1105 603 1172 erat,
619 1098 666 1173 qui
681 1105 749 1173 post
762 1097 955 1172 captivitatem
971 1098 1064 1155 eiusa

30 1192 34 1197 ’
73 1177 158 1250 Syria
177 1195 231 1252 per
253 1177 380 1236 Arabiae
396 1177 513 1241 deserta
535 1179 655 1250 ducibus
678 1179 800 1257 pecunia
817 1181 983 1256 conparatis
997 1179 1064 1238 Par·

73 1259 151 1317 tbico
168 1259 264 1319 habitu
278 1260 456 1334 Babylonem
474 1271 660 1340 pervenerat.
689 1261 747 1321 Sed
760 1262 918 1338 fugientem
932 1262 1057 1321 Pbraba·
1070 1274 1087 1327 6

72 1350 134 1415 tes,
153 1344 201 1419 qui
218 1343 377 1404 Arsacidae
392 1354 592 1420 successerat,
608 1346 734 1422 equitum
750 1345 901 1404 celeritate
921 1364 974 1422 per
989 1361 1057 1404 con·

74 1426 232 1502 pendiosos
253 1429 382 1485 tramites
398 1437 572 1504 occupatum
593 1428 722 1487 retrahit.
753 1427 791 1487 Ut
812 1437 858 1486 est
872 1428 1011 1487 deductus
1028 1429 1091 1493 adr

73 1525 189 1584 regem,
207 1506 399 1568 Gallimandro
416 1510 532 1587 quidem
549 1527 607 1568 non
622 1520 731 1569 tantum
744 1512 845 1584 venia,
862 1528 962 1568 verum
979 1511 1064 1569 etiam

73 1591 233 1667 proemium
247 1591 313 1649 bdei
328 1591 425 1651 datur:
444 1587 622 1651 Demetrium
634 1601 731 1651 autem
748 1603 777 1651 et
794 1593 924 1668 graviter
940 1596 1063 1668 castiga·

73 1683 132 1732 tum
148 1673 183 1732 ad
199 1675 352 1748 coniugem
370 1675 398 1731 in
413 1674 586 1746 Hyrcaniam
605 1676 724 1733 remittit
739 1674 951 1752 ardoribusque
968 1684 1063 1734 custo-

71 1756 127 1815 diis
139 1755 290 1814 observari
302 1755 390 1814 iubet.
416 1755 574 1816 Interiecto
587 1767 737 1834 tempore,
750 1775 813 1816 curn
828 1758 913 1816 fidem
924 1758 966 1817 illi
979 1760 1063 1817 etiam
1076 1769 1094 1821 8

73 1840 202 1915 suseepti
219 1838 303 1896 liberi
320 1838 467 1911 lacerent,
490 1840 593 1898 eodem
615 1841 707 1898 amieo
730 1842 835 1898 comite
852 1843 978 1918 repetita
994 1841 1063 1916 luga

73 1931 130 1997 est,
147 1922 199 1981 sed
212 1923 273 1999 pari
289 1921 458 1980 infelicitate
474 1939 568 2000 prope
585 1923 658 1981 lines
673 1925 755 1999 regni
771 1923 814 1980 sui
835 1922 1063 2000 deprehenditur

72 2024 108 2065 ac
124 2008 218 2066 denuo
240 2005 396 2081 perductus
417 2006 452 2066 ad
475 2023 574 2081 regem
596 2016 627 2064 ut
641 2008 751 2065 innisus
773 2024 789 2065 a
814 2015 976 2084 conspeetu
997 2005 1062 2064 sub·

72 2097 212 2146 movetur.
250 2087 330 2146 Tunc
354 2104 470 2165 quoque
488 2090 572 2147 uxori
594 2099 624 2148 et
644 2089 745 2147 liberis
767 2089 914 2148 donatus
906 2107 934 2146 ιιι
951 2088 1093 2161 llyroa=9

72 2173 146 2229 niam
170 2171 325 2248 poenalem
343 2170 398 2236 sibi
423 2172 567 2230 civitatem
591 2174 746 2231 remittitur
768 2171 892 2248 talisque
918 2172 1014 2229 aureis
1036 2173 1064 2227 in

72 2253 329 2331 exprobrationem
345 2254 470 2331 puerilis
479 2254 604 2313 levitatis
619 2256 749 2314 donatur.
777 2254 836 2313 Sed
852 2254 925 2313 hano
943 2254 1060 2313 Partho·
1074 2264 1108 2317 10

71 2355 132 2398 rum
149 2345 203 2396 tam
227 2339 324 2395 mitem
344 2338 373 2394 iu
393 2336 571 2396 Demetrium
588 2338 769 2397 clementiam
788 2354 844 2395 nou
865 2336 1065 2397 misericordia

71 2421 165 2496 gentis
188 2420 316 2479 faciebat
337 2438 392 2478 nec
414 2429 568 2498 respectus
586 2422 783 2497 cognationis,
801 2421 854 2480 sed
870 2421 947 2497 quod
961 2421 1063 2493 Syriae

71 2521 190 2578 regnum
202 2501 387 2563 adiectabant
402 2505 480 2562 usuri
496 2502 645 2570 Demetrio
662 2503 800 2562 adversus
817 2503 990 2563 Antiochum
1006 2504 1063 2563 ira·

70 2595 159 2661 trem,
178 2595 263 2662 prout
277 2604 325 2644 res
340 2586 388 2646 vel
404 2596 517 2663 tempus
534 2586 583 2645 vel
598 2586 711 2653 iortuna
727 2586 798 2645 belli
817 2589 978 2663 exegisset.

138 2671 185 2728 lb.
217 2666 266 2727 llis
295 2669 399 2728 auditis
426 2669 589 2732 Antiochus
616 2669 815 2748 occupandum
847 2669 957 2729 bellum
984 2679 1090 2736 ratusl

69 2752 248 2825 exercitum,
268 2768 354 2827 quem
372 2752 466 2810 multis
486 2752 666 2826 finitimorum
685 2752 773 2812 bellis
789 2753 991 2824 induraverat,
1015 2751 1063 2809 ad-

68 2851 174 2891 versus
191 2832 312 2891 Parthos
330 2833 418 2893 ducit.
452 2835 511 2894 Sed
529 2854 583 2912 per
598 2836 738 2895 luxuriam
754 2853 811 2894 non
829 2837 921 2892 minor
942 2841 1093 2909 appara-2

71 2926 117 2975 tus
139 2933 223 2995 quam
244 2916 363 2975 militiae
383 2917 460 2992 luit,
475 2921 584 2997 quippe
604 2916 805 2994 LXXXmilia
827 2925 999 2974 armatorum
1017 2933 1065 2973 se-

69 3010 135 3058 cuta
148 3009 214 3058 sunt
228 3008 358 3058 trecenta
371 2999 507 3076 lixarum,
524 3001 677 3078 exquibus
690 3016 849 3078 coquorum
865 2998 1064 3074 pistorumque

70 3084 163 3143 maior
177 3102 313 3147 uumerus
328 3083 390 3141 luit.
425 3083 547 3160 Argenti
564 3093 644 3144 certe
662 3085 782 3161 aurique
796 3090 918 3153 tantum,
936 3089 967 3137 ut
980 3082 1094 3141 etiam3

68 3167 198 3244 gregarii
213 3166 318 3225 milites
337 3182 406 3225 auro
423 3167 533 3243 caligas
555 3168 680 3244 figerent
697 3165 959 3244 proculcarentque
975 3171 1063 3221 nrate·

67 3252 158 3324 riam,
175 3250 255 3307 cuius
269 3266 368 3307 amore
380 3250 481 3327 populi
497 3250 577 3309 lerrc
594 3251 738 3310 dimicant.
768 3246 933 3307 culinarum
946 3252 1093 3323 quoquae

66 3341 210 3408 argentea
233 3333 418 3390 iustrumenta
440 3333 539 3407 luere,
558 3351 679 3410 prorsus
698 3329 780 3409 qua'si
802 3330 837 3388 ad
862 3329 980 3406 epulas,
1002 3345 1060 3387 non

66 3414 107 3474 ad
122 3415 228 3474 bellum
248 3423 415 3491 pergerent.
448 3414 623 3475 Advenieuti
645 3415 789 3474 Antiocho
804 3413 884 3555 mulpi
902 3411 1093 3475 orientalests

113 3517 275 3560 1usn1uus.
841 3498 854 3555 l
