2442 3975
243 730 964 897 epunsrrro'uusruur.

531 975 681 986 ——...

163 1102 246 1224 Cum
259 1165 338 1224 multi
359 1183 396 1224 ex
410 1165 566 1241 Romanis,
590 1167 675 1224 etiam
696 1164 856 1225 consularis
878 1166 1023 1244 dignitatis
1040 1172 1128 1245 riri,1

105 1268 153 1308 res
167 1251 311 1309 Romanas
327 1249 440 1309 Graeco
457 1251 674 1327 peregrinaque
691 1266 824 1308 sermone
836 1249 864 1308 in
877 1249 1023 1312 historiam
1036 1270 1103 1312 con·

105 1333 249 1393 tulissent:
265 1351 317 1392 seu
334 1332 525 1392 aemulatione
541 1331 656 1408 gloriae
672 1334 735 1392 sire
762 1334 909 1392 varietate
922 1344 952 1393 et
975 1339 1103 1396 nouitate

105 1418 203 1495 operis
228 1415 387 1475 delectatus
407 1418 451 1475 vir
467 1417 581 1494 priscae
598 1416 789 1494 eloquentiae,
807 1415 921 1493 Trogus
937 1417 1102 1498 Pompeius,
1124 1446 1129 1454 ·

106 1501 231 1560 Graecas
250 1508 278 1558 et
297 1501 384 1558 totius
404 1498 540 1557 historias
562 1499 641 1558 orbis
656 1499 755 1558 Latino
778 1505 1101 1583 sermoueconposuit,

105 1594 150 1657 ut,
175 1601 238 1642 curn
261 1591 359 1641 nostra
383 1582 510 1658 Graece,
534 1581 646 1642 Graeca
668 1599 783 1660 quoque
804 1592 903 1642 nostra
924 1583 1019 1660 lingua
1042 1585 1102 1662 legi

104 1676 239 1746 possent:
257 1683 377 1744 prorsus
392 1684 453 1725 reru
468 1667 564 1741 magni
580 1674 609 1724 et
624 1666 706 1724 animi
729 1673 758 1724 et
778 1668 913 1743 corporis
933 1667 1100 1743 adgressus.

103 1750 175 1809 Nam
192 1769 253 1809 cum
273 1748 421 1827 plerisque
440 1748 605 1808 auctoribus
622 1749 798 1826 singulorum
814 1767 915 1825 regum
938 1750 985 1809 rel
1008 1762 1126 1829 popu-u

104 1834 195 1892 lorum
209 1852 258 1892 res
274 1841 374 1909 gestas
390 1832 584 1893 scribentibus
599 1850 673 1911 opus
688 1849 767 1890 suurn
783 1831 863 1895 ardui
878 1832 988 1892 laboris
1004 1834 1099 1894 uidea-

104 1927 157 1993 tur,
173 1934 267 1976 nonne
283 1915 366 1992 uobis
381 1916 534 1995 Pompeius
548 1916 693 1975 Herculea
706 1913 823 1974 audacia
841 1915 941 1974 orbem
961 1925 1100 1976 terrarum

104 2002 260 2078 adgressus
276 2001 367 2060 videri
384 2000 486 2076 debet,
507 2002 586 2060 cuius
601 2000 683 2059 libris
699 2000 820 2057 omnium
837 1999 1033 2078 saeculorum,
1055 2018 1099 2059 re·

103 2104 181 2162 gum,
195 2086 341 2143 nationum
352 2085 581 2163 populorumque
594 2102 642 2142 res
654 2090 757 2159 gestae
769 2080 971 2142 continentur?
983 2093 1012 2143 et
1023 2101 1096 2162 quae
1108 2095 1125 2148 3

103 2169 231 2227 historici
249 2168 434 2243 Graecorum,
450 2177 536 2246 prout
558 2167 738 2227 commodum
760 2168 861 2242 cuique
881 2166 950 2242 luit,
972 2167 1046 2226 inter
1067 2184 1100 2228 se

86 2251 252 2328 'segregati
269 2260 500 2328 occupaverunt,
518 2252 631 2314 omissis
652 2268 724 2328 quae
748 2250 810 2308 siue
830 2250 924 2308 fructu
947 2259 1043 2325 erant,
1065 2268 1100 2309 ea

103 2336 196 2395 omnia
219 2334 374 2412 Pompeius
397 2334 488 2393 divisa
512 2333 690 2412 temporibus
714 2342 743 2391 et
768 2334 843 2391 serie
865 2351 960 2392 rerum
985 2334 1098 2410 digesta

104 2419 266 2497 conposuit,
296 2418 404 2477 Horum
418 2419 505 2494 igitur
521 2427 654 2495 quattuor
669 2426 697 2476 et
713 2416 900 2494 quadraginta
924 2416 1127 2480 voluminum4

104 2506 183 2582 (uam
205 2503 323 2561 totidem
345 2501 448 2577 edidit)
475 2519 529 2580 per
551 2501 655 2575 otium,
678 2516 734 2577 quo
757 2502 785 2558 in
808 2500 881 2558 urbe
901 2499 1097 2579 versabamur,

103 2586 270 2661 cognitione
287 2603 419 2664 quaeque
435 2585 602 2661 dignissima
619 2585 755 2662 excerpsi
774 2593 803 2642 et
821 2583 934 2643 omissis
952 2584 1007 2662 bis,
1024 2603 1098 2664 quae

101 2687 157 2732 ucc
173 2668 371 2746 cognoscendi
386 2669 534 2746 uoluptate
551 2666 673 2727 iucunda
687 2684 742 2725 nec
754 2667 890 2746 exemplo
902 2678 984 2728 eraut
995 2686 1097 2728 neces·

103 2754 187 2824 saria,
203 2752 293 2812 breve
310 2752 399 2811 ueluti
415 2751 517 2812 floru'm
540 2749 742 2828 corpusculum
764 2750 837 2827 ieci,
857 2760 887 2809 ut
907 2752 1047 2810 baberent
1069 2758 1098 2807 et

105 2836 152 2912 qui
166 2834 276 2896 Graece
293 2835 469 2910 didicissent,
486 2852 543 2912 quo
560 2834 792 2910 admonerentur,
809 2843 837 2893 et
853 2835 900 2912 qui
915 2851 971 2892 uon
985 2832 1096 2891 didicis·

102 2927 176 2993 sent,
190 2936 245 2996 quo
263 2922 480 2979 instruerentur.
513 2917 598 2992 Quod
615 2916 650 2977 ad
665 2926 693 2975 te
704 2933 739 2970 *a
755 2934 812 2975 non
827 2926 884 2976 tarn
899 2913 1121 2991 cognoscendi5

104 3002 218 3080 {magis}
235 3022 318 3081 quam
331 3001 500 3062 emendandi
513 3018 598 3061 causa
610 3002 764 3077 transmisi,
783 2999 864 3058 simul
883 3007 912 3056 ut
926 3007 955 3056 et
968 2999 1018 3056 otii
1031 2998 1096 3074 mei,

102 3087 181 3143 cuius
193 3085 300 3146 etCato
312 3087 486 3146 reddendam
498 3103 617 3164 operam
630 3093 719 3162 putat,
732 3083 807 3161 apud
818 3091 847 3141 te
858 3081 932 3141 ratio
941 3088 1096 3139 constaret.

101 3169 211 3229 Suilicit
227 3173 302 3229 cuim
317 3171 383 3230 mihi
401 3172 575 3246 intempore
591 3167 725 3238 iudicium
737 3175 827 3241 tuum,
850 3164 925 3242 apud
946 3171 1124 3242 posteros,6

101 3269 163 3310 cum
180 3253 401 3313 obtrectationis
417 3254 521 3312 invidia
535 3251 712 3325 decesserit,
735 3248 890 3308 industriae
906 3248 1096 3306 testimonium

98 3333 240 3395 habituro.
