<?xml version="1.0" encoding="UTF-8"?>
<!DOCTYPE html PUBLIC "-//W3C//DTD XHTML 1.0 Transitional//EN"
    "http://www.w3.org/TR/xhtml1/DTD/xhtml1-transitional.dtd">
<html xmlns="http://www.w3.org/1999/xhtml" xml:lang="en" lang="en">
 <head>
  <title>
</title>
<meta http-equiv="Content-Type" content="text/html;charset=utf-8" />
  <meta name='ocr-system' content='tesseract 3.04.00' />
  <meta name='ocr-capabilities' content='ocr_page ocr_carea ocr_par ocr_line ocrx_word'/>
</head>
<body>
  <div class='ocr_page' id='page_1' title='image "./iustinustrogipo00troggoog_0348.png"; bbox 0 0 2442 3975; ppageno 0'>
   <div class='ocr_carea' id='block_1_1' title="bbox 164 148 1211 224">
    <p class='ocr_par' dir='ltr' id='par_1_1' title="bbox 164 148 1211 224">
     <span class='ocr_line' id='line_1_1' title="bbox 164 148 1211 224; baseline 0.006 -6"><span class='ocrx_word' id='word_1_1' title='bbox 164 158 220 220; x_wconf 80' lang='lat'><strong>128</strong></span> <span class='ocrx_word' id='word_1_2' title='bbox 409 148 414 160; x_wconf 85' lang='lat'>&#39;</span> <span class='ocrx_word' id='word_1_3' title='bbox 524 171 632 219; x_wconf 82' lang='lat' dir='ltr'><strong>recor</strong></span> <span class='ocrx_word' id='word_1_4' title='bbox 647 172 778 224; x_wconf 75' lang='lat' dir='ltr'><strong>nouem</strong></span> <span class='ocrx_word' id='word_1_5' title='bbox 985 166 1048 218; x_wconf 75' lang='lat' dir='ltr'><strong>xxi</strong></span> <span class='ocrx_word' id='word_1_6' title='bbox 1061 172 1153 224; x_wconf 75' lang='lat'><strong>2-4</strong></span> <span class='ocrx_word' id='word_1_7' title='bbox 1208 162 1211 166; x_wconf 76' lang='grc'>’</span> 
     </span>
    </p>
   </div>
   <div class='ocr_carea' id='block_1_2' title="bbox 61 321 1185 895">
    <p class='ocr_par' dir='ltr' id='par_1_2' title="bbox 158 321 1152 403">
     <span class='ocr_line' id='line_1_2' title="bbox 158 321 1152 403; baseline 0.002 -18"><span class='ocrx_word' id='word_1_8' title='bbox 158 328 220 385; x_wconf 90' lang='lat' dir='ltr'><strong>sius</strong></span> <span class='ocrx_word' id='word_1_9' title='bbox 238 324 364 403; x_wconf 89' lang='lat' dir='ltr'><strong>pellitur.</strong></span> <span class='ocrx_word' id='word_1_10' title='bbox 388 321 444 395; x_wconf 85' lang='lat' dir='ltr'><strong>Qui</strong></span> <span class='ocrx_word' id='word_1_11' title='bbox 465 340 528 382; x_wconf 92' lang='lat' dir='ltr'><strong>cum</strong></span> <span class='ocrx_word' id='word_1_12' title='bbox 550 323 731 383; x_wconf 78' lang='lat' dir='ltr'><strong>obsidionem</strong></span> <span class='ocrx_word' id='word_1_13' title='bbox 751 323 826 383; x_wconf 88' lang='lat' dir='ltr'><strong>arcis</strong></span> <span class='ocrx_word' id='word_1_14' title='bbox 843 325 972 398; x_wconf 86' lang='lat' dir='ltr'><strong>timeret,</strong></span> <span class='ocrx_word' id='word_1_15' title='bbox 995 330 1152 387; x_wconf 89' lang='lat' dir='ltr'><strong>cumomni</strong></span> 
     </span>
    </p>

    <p class='ocr_par' dir='ltr' id='par_1_3' title="bbox 61 403 1152 567">
     <span class='ocr_line' id='line_1_3' title="bbox 61 403 1152 485; baseline 0.002 -17"><span class='ocrx_word' id='word_1_16' title='bbox 61 440 72 459; x_wconf 67' lang='grc' dir='ltr'><strong>ο</strong></span> <span class='ocrx_word' id='word_1_17' title='bbox 128 409 240 485; x_wconf 86' lang='lat' dir='ltr'><strong>9regio</strong></span> <span class='ocrx_word' id='word_1_18' title='bbox 257 414 397 483; x_wconf 88' lang='lat' dir='ltr'><strong>apparatu</strong></span> <span class='ocrx_word' id='word_1_19' title='bbox 411 406 438 464; x_wconf 91' lang='lat' dir='ltr'><strong>in</strong></span> <span class='ocrx_word' id='word_1_20' title='bbox 453 403 563 465; x_wconf 89' lang='lat' dir='ltr'><strong>ltaliam</strong></span> <span class='ocrx_word' id='word_1_21' title='bbox 580 405 713 482; x_wconf 75' lang='lat' dir='ltr'><strong>profugit</strong></span> <span class='ocrx_word' id='word_1_22' title='bbox 727 408 840 465; x_wconf 85' lang='lat' dir='ltr'><strong>tacitus.</strong></span> <span class='ocrx_word' id='word_1_23' title='bbox 864 405 940 466; x_wconf 79' lang='lat' dir='ltr'><strong>Exul</strong></span> <span class='ocrx_word' id='word_1_24' title='bbox 955 406 1152 470; x_wconf 88' lang='lat' dir='ltr'><strong>Locrensibds</strong></span> 
     </span>
     <span class='ocr_line' id='line_1_4' title="bbox 159 487 1151 567; baseline 0.002 -18"><span class='ocrx_word' id='word_1_25' title='bbox 159 491 247 549; x_wconf 91' lang='lat' dir='ltr'><strong>sociis</strong></span> <span class='ocrx_word' id='word_1_26' title='bbox 261 495 418 565; x_wconf 89' lang='lat' dir='ltr'><strong>acceptus,</strong></span> <span class='ocrx_word' id='word_1_27' title='bbox 434 487 514 547; x_wconf 87' lang='lat' dir='ltr'><strong>velut</strong></span> <span class='ocrx_word' id='word_1_28' title='bbox 529 488 590 546; x_wconf 94' lang='lat' dir='ltr'><strong>iure</strong></span> <span class='ocrx_word' id='word_1_29' title='bbox 603 496 756 563; x_wconf 85' lang='lat' dir='ltr'><strong>regnaret,</strong></span> <span class='ocrx_word' id='word_1_30' title='bbox 771 506 867 548; x_wconf 90' lang='lat' dir='ltr'><strong>arcem</strong></span> <span class='ocrx_word' id='word_1_31' title='bbox 883 500 1007 567; x_wconf 89' lang='lat' dir='ltr'><strong>occupat</strong></span> <span class='ocrx_word' id='word_1_32' title='bbox 1023 491 1151 552; x_wconf 89' lang='lat' dir='ltr'><strong>solitam·</strong></span> 
     </span>
    </p>

    <p class='ocr_par' dir='ltr' id='par_1_4' title="bbox 117 568 1185 895">
     <span class='ocr_line' id='line_1_5' title="bbox 117 568 1151 651; baseline 0.002 -18"><span class='ocrx_word' id='word_1_33' title='bbox 117 583 213 650; x_wconf 86' lang='lat' dir='ltr'><strong>loque</strong></span> <span class='ocrx_word' id='word_1_34' title='bbox 230 570 284 629; x_wconf 85' lang='lat' dir='ltr'><strong>sibi</strong></span> <span class='ocrx_word' id='word_1_35' title='bbox 302 570 450 629; x_wconf 88' lang='lat' dir='ltr'><strong>saeuitiam</strong></span> <span class='ocrx_word' id='word_1_36' title='bbox 465 578 596 629; x_wconf 76' lang='lat' dir='ltr'>exercet.</span> <span class='ocrx_word' id='word_1_37' title='bbox 626 568 773 647; x_wconf 76' lang='lat' dir='ltr'><strong>Coniuges</strong></span> <span class='ocrx_word' id='word_1_38' title='bbox 794 571 953 649; x_wconf 75' lang='lat' dir='ltr'><strong>principum</strong></span> <span class='ocrx_word' id='word_1_39' title='bbox 970 572 1005 631; x_wconf 93' lang='lat' dir='ltr'><strong>ad</strong></span> <span class='ocrx_word' id='word_1_40' title='bbox 1021 572 1151 651; x_wconf 76' lang='lat' dir='ltr'><strong>stuprum</strong></span> 
     </span>
     <span class='ocr_line' id='line_1_6' title="bbox 157 652 1185 734; baseline 0.002 -20"><span class='ocrx_word' id='word_1_41' title='bbox 157 655 221 731; x_wconf 93' lang='lat' dir='ltr'><strong>rapi</strong></span> <span class='ocrx_word' id='word_1_42' title='bbox 241 652 375 726; x_wconf 90' lang='lat' dir='ltr'><strong>iubebat,</strong></span> <span class='ocrx_word' id='word_1_43' title='bbox 396 653 525 728; x_wconf 80' lang='lat' dir='ltr'><strong>virgines</strong></span> <span class='ocrx_word' id='word_1_44' title='bbox 545 660 611 712; x_wconf 88' lang='lat' dir='ltr'><strong>ante</strong></span> <span class='ocrx_word' id='word_1_45' title='bbox 633 654 746 730; x_wconf 90' lang='lat' dir='ltr'><strong>nuptias</strong></span> <span class='ocrx_word' id='word_1_46' title='bbox 764 652 930 732; x_wconf 76' lang='lat' dir='ltr'><strong>gbducebat</strong></span> <span class='ocrx_word' id='word_1_47' title='bbox 947 653 1149 734; x_wconf 75' lang='lat' dir='ltr'><strong>stupratasqu‘e</strong></span> <span class='ocrx_word' id='word_1_48' title='bbox 1180 677 1185 686; x_wconf 93' lang='lat'><strong>·</strong></span> 
     </span>
     <span class='ocr_line' id='line_1_7' title="bbox 158 732 1149 816; baseline 0.003 -21"><span class='ocrx_word' id='word_1_49' title='bbox 158 738 258 814; x_wconf 91' lang='lat' dir='ltr'><strong>procis</strong></span> <span class='ocrx_word' id='word_1_50' title='bbox 273 732 426 812; x_wconf 89' lang='lat' dir='ltr'><strong>reddebat,</strong></span> <span class='ocrx_word' id='word_1_51' title='bbox 442 733 688 813; x_wconf 88' lang='lat' dir='ltr'><strong>locupletissimos</strong></span> <span class='ocrx_word' id='word_1_52' title='bbox 706 752 839 813; x_wconf 82' lang='lat' dir='ltr'><strong>quosque</strong></span> <span class='ocrx_word' id='word_1_53' title='bbox 855 744 903 795; x_wconf 88' lang='lat' dir='ltr'><strong>aut</strong></span> <span class='ocrx_word' id='word_1_54' title='bbox 923 739 1039 797; x_wconf 80' lang='lat' dir='ltr'><strong>civitate</strong></span> <span class='ocrx_word' id='word_1_55' title='bbox 1057 739 1149 816; x_wconf 87' lang='lat' dir='ltr'><strong>pelle-</strong></span> 
     </span>
     <span class='ocr_line' id='line_1_8' title="bbox 158 815 997 895; baseline -0.002 -16"><span class='ocrx_word' id='word_1_56' title='bbox 158 825 206 879; x_wconf 86' lang='lat' dir='ltr'><strong>bat</strong></span> <span class='ocrx_word' id='word_1_57' title='bbox 221 826 269 877; x_wconf 88' lang='lat' dir='ltr'><strong>aut</strong></span> <span class='ocrx_word' id='word_1_58' title='bbox 285 816 379 889; x_wconf 88' lang='lat' dir='ltr'><strong>occidi</strong></span> <span class='ocrx_word' id='word_1_59' title='bbox 394 815 553 895; x_wconf 81' lang='lat' dir='ltr'><strong>impdrabat</strong></span> <span class='ocrx_word' id='word_1_60' title='bbox 569 817 703 894; x_wconf 85' lang='lat' dir='ltr'><strong>bonaque</strong></span> <span class='ocrx_word' id='word_1_61' title='bbox 718 835 818 877; x_wconf 84' lang='lat' dir='ltr'><strong>eorum</strong></span> <span class='ocrx_word' id='word_1_62' title='bbox 834 818 997 878; x_wconf 77' lang='lat' dir='ltr'><strong>invadebat.</strong></span> 
     </span>
    </p>
   </div>
   <div class='ocr_carea' id='block_1_3' title="bbox 17 899 1148 978">
    <p class='ocr_par' dir='ltr' id='par_1_5' title="bbox 17 899 1148 978">
     <span class='ocr_line' id='line_1_9' title="bbox 17 899 1148 978; baseline 0.004 -19"><span class='ocrx_word' id='word_1_63' title='bbox 17 933 22 942; x_wconf 90' lang='lat'><strong>·</strong></span> <span class='ocrx_word' id='word_1_64' title='bbox 130 914 146 965; x_wconf 86' lang='lat'>1</span> <span class='ocrx_word' id='word_1_65' title='bbox 222 900 250 960; x_wconf 85' lang='lat'><strong>3.</strong></span> <span class='ocrx_word' id='word_1_66' title='bbox 274 899 349 958; x_wconf 88' lang='lat' dir='ltr'><strong>Dein</strong></span> <span class='ocrx_word' id='word_1_67' title='bbox 364 917 427 957; x_wconf 92' lang='lat' dir='ltr'><strong>curn</strong></span> <span class='ocrx_word' id='word_1_68' title='bbox 444 901 561 978; x_wconf 79' lang='lat' dir='ltr'><strong>rapinae</strong></span> <span class='ocrx_word' id='word_1_69' title='bbox 583 901 701 959; x_wconf 89' lang='lat' dir='ltr'><strong>occasio</strong></span> <span class='ocrx_word' id='word_1_70' title='bbox 722 899 855 976; x_wconf 90' lang='lat' dir='ltr'><strong>deesset,</strong></span> <span class='ocrx_word' id='word_1_71' title='bbox 872 902 1035 961; x_wconf 86' lang='lat' dir='ltr'><strong>universam</strong></span> <span class='ocrx_word' id='word_1_72' title='bbox 1050 905 1148 966; x_wconf 84' lang='lat' dir='ltr'><strong>ciuita-</strong></span> 
     </span>
    </p>
   </div>
   <div class='ocr_carea' id='block_1_4' title="bbox 117 981 1184 2958">
    <p class='ocr_par' dir='ltr' id='par_1_6' title="bbox 117 981 1184 2958">
     <span class='ocr_line' id='line_1_10' title="bbox 126 981 1150 1060; baseline 0.001 -16"><span class='ocrx_word' id='word_1_73' title='bbox 126 992 214 1045; x_wconf 73' lang='lat' dir='ltr'><strong>atem</strong></span> <span class='ocrx_word' id='word_1_74' title='bbox 229 981 335 1042; x_wconf 91' lang='lat' dir='ltr'><strong>caliido</strong></span> <span class='ocrx_word' id='word_1_75' title='bbox 350 992 512 1041; x_wconf 89' lang='lat' dir='ltr'><strong>commento</strong></span> <span class='ocrx_word' id='word_1_76' title='bbox 527 983 724 1042; x_wconf 84' lang='lat' dir='ltr'><strong>circumvenit.</strong></span> <span class='ocrx_word' id='word_1_77' title='bbox 762 984 833 1045; x_wconf 79' lang='lat' dir='ltr'><strong>Cum</strong></span> <span class='ocrx_word' id='word_1_78' title='bbox 849 984 1023 1060; x_wconf 77' lang='lat' dir='ltr'><strong>Reginorum</strong></span> <span class='ocrx_word' id='word_1_79' title='bbox 1039 987 1150 1060; x_wconf 73' lang='lat' dir='ltr'><strong>tyranni</strong></span> 
     </span>
     <span class='ocr_line' id='line_1_11' title="bbox 157 1064 1149 1146; baseline 0.003 -21"><span class='ocrx_word' id='word_1_80' title='bbox 157 1065 339 1141; x_wconf 87' lang='lat' dir='ltr'><strong>Leoplrronis</strong></span> <span class='ocrx_word' id='word_1_81' title='bbox 353 1065 431 1125; x_wconf 91' lang='lat' dir='ltr'><strong>bello</strong></span> <span class='ocrx_word' id='word_1_82' title='bbox 445 1064 608 1125; x_wconf 76' lang='lat' dir='ltr'><strong>Locrenses</strong></span> <span class='ocrx_word' id='word_1_83' title='bbox 620 1073 835 1146; x_wconf 78' lang='lat' dir='ltr'><strong>premerentur,</strong></span> <span class='ocrx_word' id='word_1_84' title='bbox 847 1075 1002 1144; x_wconf 76' lang='lat' dir='ltr'><strong>voverant,</strong></span> <span class='ocrx_word' id='word_1_85' title='bbox 1019 1069 1044 1126; x_wconf 86' lang='lat' dir='ltr'><strong>si</strong></span> <span class='ocrx_word' id='word_1_86' title='bbox 1059 1071 1149 1128; x_wconf 85' lang='lat' dir='ltr'><strong>uicto·</strong></span> 
     </span>
     <span class='ocr_line' id='line_1_12' title="bbox 158 1146 1148 1225; baseline 0.003 -18"><span class='ocrx_word' id='word_1_87' title='bbox 158 1165 206 1207; x_wconf 91' lang='lat' dir='ltr'><strong>res</strong></span> <span class='ocrx_word' id='word_1_88' title='bbox 226 1148 337 1221; x_wconf 85' lang='lat' dir='ltr'><strong>forent,</strong></span> <span class='ocrx_word' id='word_1_89' title='bbox 358 1155 389 1205; x_wconf 96' lang='lat' dir='ltr'><strong>ut</strong></span> <span class='ocrx_word' id='word_1_90' title='bbox 409 1146 455 1206; x_wconf 93' lang='lat' dir='ltr'><strong>die</strong></span> <span class='ocrx_word' id='word_1_91' title='bbox 473 1147 549 1207; x_wconf 88' lang='lat' dir='ltr'><strong>iesto</strong></span> <span class='ocrx_word' id='word_1_92' title='bbox 564 1147 689 1207; x_wconf 91' lang='lat' dir='ltr'><strong>Veneris</strong></span> <span class='ocrx_word' id='word_1_93' title='bbox 705 1149 830 1225; x_wconf 85' lang='lat' dir='ltr'><strong>virgines</strong></span> <span class='ocrx_word' id='word_1_94' title='bbox 851 1166 918 1208; x_wconf 91' lang='lat' dir='ltr'><strong>suas</strong></span> <span class='ocrx_word' id='word_1_95' title='bbox 933 1151 1148 1225; x_wconf 77' lang='lat' dir='ltr'><strong>prostituerent.</strong></span> 
     </span>
     <span class='ocr_line' id='line_1_13' title="bbox 127 1229 1148 1309; baseline 0.002 -20"><span class='ocrx_word' id='word_1_96' title='bbox 127 1230 231 1303; x_wconf 73' lang='lat' dir='ltr'><strong>assuo-</strong></span> <span class='ocrx_word' id='word_1_97' title='bbox 245 1238 316 1288; x_wconf 81' lang='lat' dir='ltr'><strong>voto</strong></span> <span class='ocrx_word' id='word_1_98' title='bbox 338 1229 501 1288; x_wconf 89' lang='lat' dir='ltr'><strong>intermisso</strong></span> <span class='ocrx_word' id='word_1_99' title='bbox 523 1248 586 1289; x_wconf 90' lang='lat' dir='ltr'><strong>curu</strong></span> <span class='ocrx_word' id='word_1_100' title='bbox 608 1229 730 1289; x_wconf 83' lang='lat' dir='ltr'><strong>adversa</strong></span> <span class='ocrx_word' id='word_1_101' title='bbox 751 1231 831 1290; x_wconf 64' lang='lat' dir='ltr'><strong>bella*</strong></span> <span class='ocrx_word' id='word_1_102' title='bbox 850 1249 912 1290; x_wconf 83' lang='lat' dir='ltr'><strong>cunr</strong></span> <span class='ocrx_word' id='word_1_103' title='bbox 927 1231 1049 1291; x_wconf 89' lang='lat' dir='ltr'><strong>Lucanis</strong></span> <span class='ocrx_word' id='word_1_104' title='bbox 1063 1250 1148 1309; x_wconf 87' lang='lat' dir='ltr'><strong>gere·</strong></span> 
     </span>
     <span class='ocr_line' id='line_1_14' title="bbox 158 1311 1184 1390; baseline 0.004 -19"><span class='ocrx_word' id='word_1_105' title='bbox 158 1321 237 1387; x_wconf 88' lang='lat' dir='ltr'><strong>rent,</strong></span> <span class='ocrx_word' id='word_1_106' title='bbox 251 1314 279 1370; x_wconf 94' lang='lat' dir='ltr'><strong>in</strong></span> <span class='ocrx_word' id='word_1_107' title='bbox 296 1314 458 1370; x_wconf 90' lang='lat' dir='ltr'><strong>contionem</strong></span> <span class='ocrx_word' id='word_1_108' title='bbox 472 1329 525 1371; x_wconf 91' lang='lat' dir='ltr'><strong>eos</strong></span> <span class='ocrx_word' id='word_1_109' title='bbox 542 1311 699 1386; x_wconf 75' lang='lat' dir='ltr'><strong>Dionysius</strong></span> <span class='ocrx_word' id='word_1_110' title='bbox 714 1322 814 1373; x_wconf 83' lang='lat' dir='ltr'><strong>vocat:</strong></span> <span class='ocrx_word' id='word_1_111' title='bbox 831 1313 975 1390; x_wconf 86' lang='lat' dir='ltr'><strong>bortatur,</strong></span> <span class='ocrx_word' id='word_1_112' title='bbox 996 1323 1026 1372; x_wconf 90' lang='lat' dir='ltr'><strong>ut</strong></span> <span class='ocrx_word' id='word_1_113' title='bbox 1042 1333 1149 1374; x_wconf 84' lang='lat' dir='ltr'><strong>uxores</strong></span> <span class='ocrx_word' id='word_1_114' title='bbox 1180 1316 1184 1324; x_wconf 83' lang='lat'><strong>&#39;</strong></span> 
     </span>
     <span class='ocr_line' id='line_1_15' title="bbox 126 1395 1149 1474; baseline 0.001 -20"><span class='ocrx_word' id='word_1_115' title='bbox 126 1427 129 1433; x_wconf 21' lang='grc' dir='ltr'><strong>Δ</strong></span> <span class='ocrx_word' id='word_1_116' title='bbox 158 1395 291 1471; x_wconf 82' lang='lat' dir='ltr'><strong>illiusque</strong></span> <span class='ocrx_word' id='word_1_117' title='bbox 308 1411 376 1453; x_wconf 89' lang='lat' dir='ltr'><strong>suas</strong></span> <span class='ocrx_word' id='word_1_118' title='bbox 392 1395 418 1452; x_wconf 92' lang='lat' dir='ltr'><strong>in</strong></span> <span class='ocrx_word' id='word_1_119' title='bbox 433 1395 569 1471; x_wconf 87' lang='lat' dir='ltr'><strong>templum</strong></span> <span class='ocrx_word' id='word_1_120' title='bbox 584 1395 709 1454; x_wconf 85' lang='lat' dir='ltr'><strong>Veneris</strong></span> <span class='ocrx_word' id='word_1_121' title='bbox 723 1413 809 1473; x_wconf 85' lang='lat' dir='ltr'><strong>quarn</strong></span> <span class='ocrx_word' id='word_1_122' title='bbox 823 1398 935 1474; x_wconf 89' lang='lat' dir='ltr'><strong>possint</strong></span> <span class='ocrx_word' id='word_1_123' title='bbox 954 1399 1149 1457; x_wconf 85' lang='lat' dir='ltr'><strong>ornatissimas</strong></span> 
     </span>
     <span class='ocr_line' id='line_1_16' title="bbox 130 1477 1149 1557; baseline -0.002 -16"><span class='ocrx_word' id='word_1_124' title='bbox 130 1479 283 1541; x_wconf 71' lang='lat' dir='ltr'><strong>emittant:</strong></span> <span class='ocrx_word' id='word_1_125' title='bbox 299 1494 337 1535; x_wconf 83' lang='lat' dir='ltr'><strong>ex</strong></span> <span class='ocrx_word' id='word_1_126' title='bbox 355 1477 458 1554; x_wconf 88' lang='lat' dir='ltr'><strong>quibus</strong></span> <span class='ocrx_word' id='word_1_127' title='bbox 473 1486 552 1536; x_wconf 85' lang='lat' dir='ltr'><strong>sorte</strong></span> <span class='ocrx_word' id='word_1_128' title='bbox 567 1477 671 1537; x_wconf 87' lang='lat' dir='ltr'><strong>ductae</strong></span> <span class='ocrx_word' id='word_1_129' title='bbox 687 1488 800 1537; x_wconf 89' lang='lat' dir='ltr'><strong>centum</strong></span> <span class='ocrx_word' id='word_1_130' title='bbox 810 1487 880 1538; x_wconf 86' lang='lat' dir='ltr'><strong>voto</strong></span> <span class='ocrx_word' id='word_1_131' title='bbox 893 1478 1011 1556; x_wconf 90' lang='lat' dir='ltr'><strong>publico</strong></span> <span class='ocrx_word' id='word_1_132' title='bbox 1027 1479 1149 1557; x_wconf 85' lang='lat' dir='ltr'><strong>iungan-</strong></span> 
     </span>
     <span class='ocr_line' id='line_1_17' title="bbox 159 1559 1149 1639; baseline 0.003 -20"><span class='ocrx_word' id='word_1_133' title='bbox 159 1569 204 1619; x_wconf 90' lang='lat' dir='ltr'><strong>tur</strong></span> <span class='ocrx_word' id='word_1_134' title='bbox 217 1559 425 1636; x_wconf 80' lang='lat' dir='ltr'><strong>religionisque</strong></span> <span class='ocrx_word' id='word_1_135' title='bbox 441 1562 532 1635; x_wconf 84' lang='lat' dir='ltr'><strong>gratia</strong></span> <span class='ocrx_word' id='word_1_136' title='bbox 549 1577 605 1619; x_wconf 91' lang='lat' dir='ltr'><strong>uno</strong></span> <span class='ocrx_word' id='word_1_137' title='bbox 621 1570 698 1620; x_wconf 91' lang='lat' dir='ltr'><strong>stent</strong></span> <span class='ocrx_word' id='word_1_138' title='bbox 715 1562 743 1620; x_wconf 88' lang='lat' dir='ltr'><strong>in</strong></span> <span class='ocrx_word' id='word_1_139' title='bbox 758 1561 888 1639; x_wconf 91' lang='lat' dir='ltr'><strong>lupanari</strong></span> <span class='ocrx_word' id='word_1_140' title='bbox 903 1579 1002 1620; x_wconf 86' lang='lat' dir='ltr'><strong>mense</strong></span> <span class='ocrx_word' id='word_1_141' title='bbox 1017 1563 1149 1622; x_wconf 87' lang='lat' dir='ltr'><strong>omnibus</strong></span> 
     </span>
     <span class='ocr_line' id='line_1_18' title="bbox 125 1642 1148 1720; baseline -0.003 -14"><span class='ocrx_word' id='word_1_142' title='bbox 125 1651 221 1706; x_wconf 67' lang='lat' dir='ltr'><strong>cante</strong></span> <span class='ocrx_word' id='word_1_143' title='bbox 237 1642 335 1700; x_wconf 89' lang='lat' dir='ltr'><strong>iuratis</strong></span> <span class='ocrx_word' id='word_1_144' title='bbox 352 1643 437 1717; x_wconf 90' lang='lat' dir='ltr'><strong>viris,</strong></span> <span class='ocrx_word' id='word_1_145' title='bbox 458 1642 572 1720; x_wconf 89' lang='lat' dir='ltr'><strong>nequis</strong></span> <span class='ocrx_word' id='word_1_146' title='bbox 587 1643 674 1702; x_wconf 89' lang='lat' dir='ltr'><strong>ullam</strong></span> <span class='ocrx_word' id='word_1_147' title='bbox 691 1643 854 1703; x_wconf 86' lang='lat' dir='ltr'><strong>adtaminet.</strong></span> <span class='ocrx_word' id='word_1_148' title='bbox 877 1642 1023 1716; x_wconf 83' lang='lat' dir='ltr'><strong>Quaeres</strong></span> <span class='ocrx_word' id='word_1_149' title='bbox 1041 1663 1077 1704; x_wconf 91' lang='lat' dir='ltr'><strong>ne</strong></span> <span class='ocrx_word' id='word_1_150' title='bbox 1092 1645 1148 1703; x_wconf 88' lang='lat' dir='ltr'><strong>vir·</strong></span> 
     </span>
     <span class='ocr_line' id='line_1_19' title="bbox 159 1724 1149 1801; baseline 0.003 -18"><span class='ocrx_word' id='word_1_151' title='bbox 159 1724 273 1801; x_wconf 87' lang='lat' dir='ltr'><strong>ginibus</strong></span> <span class='ocrx_word' id='word_1_152' title='bbox 294 1734 362 1783; x_wconf 88' lang='lat' dir='ltr'><strong>voto</strong></span> <span class='ocrx_word' id='word_1_153' title='bbox 392 1725 535 1783; x_wconf 83' lang='lat' dir='ltr'><strong>ciuitatem</strong></span> <span class='ocrx_word' id='word_1_154' title='bbox 558 1724 738 1785; x_wconf 83' lang='lat' dir='ltr'><strong>solventibus</strong></span> <span class='ocrx_word' id='word_1_155' title='bbox 760 1726 852 1786; x_wconf 89' lang='lat' dir='ltr'><strong>iraudi</strong></span> <span class='ocrx_word' id='word_1_156' title='bbox 873 1729 985 1800; x_wconf 76' lang='lat' dir='ltr'><strong>esset,</strong></span> <span class='ocrx_word' id='word_1_157' title='bbox 1000 1727 1149 1787; x_wconf 90' lang='lat' dir='ltr'><strong>decretum</strong></span> 
     </span>
     <span class='ocr_line' id='line_1_20' title="bbox 158 1808 1148 1887; baseline 0.002 -21"><span class='ocrx_word' id='word_1_158' title='bbox 158 1808 303 1866; x_wconf 88' lang='lat' dir='ltr'><strong>lacerent:</strong></span> <span class='ocrx_word' id='word_1_159' title='bbox 326 1825 362 1866; x_wconf 92' lang='lat' dir='ltr'><strong>ne</strong></span> <span class='ocrx_word' id='word_1_160' title='bbox 374 1824 433 1884; x_wconf 85' lang='lat' dir='ltr'><strong>qua</strong></span> <span class='ocrx_word' id='word_1_161' title='bbox 447 1809 530 1883; x_wconf 86' lang='lat' dir='ltr'><strong>virgo</strong></span> <span class='ocrx_word' id='word_1_162' title='bbox 545 1808 684 1882; x_wconf 85' lang='lat' dir='ltr'><strong>nuberet,</strong></span> <span class='ocrx_word' id='word_1_163' title='bbox 706 1810 870 1887; x_wconf 84' lang='lat' dir='ltr'><strong>priusquam</strong></span> <span class='ocrx_word' id='word_1_164' title='bbox 888 1808 955 1867; x_wconf 91' lang='lat' dir='ltr'><strong>illae</strong></span> <span class='ocrx_word' id='word_1_165' title='bbox 971 1810 1080 1868; x_wconf 86' lang='lat' dir='ltr'><strong>maritis</strong></span> <span class='ocrx_word' id='word_1_166' title='bbox 1091 1817 1148 1868; x_wconf 92' lang='lat' dir='ltr'><strong>tra·</strong></span> 
     </span>
     <span class='ocr_line' id='line_1_21' title="bbox 130 1880 1149 1969; baseline -0.002 -16"><span class='ocrx_word' id='word_1_167' title='bbox 130 1890 304 1953; x_wconf 69' lang='lat' dir='ltr'><strong>biberentur.</strong></span> <span class='ocrx_word' id='word_1_168' title='bbox 323 1889 447 1949; x_wconf 85' lang='lat' dir='ltr'><strong>Probato</strong></span> <span class='ocrx_word' id='word_1_169' title='bbox 464 1890 603 1966; x_wconf 86' lang='lat' dir='ltr'><strong>consilio,</strong></span> <span class='ocrx_word' id='word_1_170' title='bbox 620 1907 677 1969; x_wconf 87' lang='lat' dir='ltr'><strong>quo</strong></span> <span class='ocrx_word' id='word_1_171' title='bbox 694 1900 723 1951; x_wconf 89' lang='lat' dir='ltr'><strong>ct</strong></span> <span class='ocrx_word' id='word_1_172' title='bbox 736 1892 933 1969; x_wconf 84' lang='lat' dir='ltr'><strong>superstitioni</strong></span> <span class='ocrx_word' id='word_1_173' title='bbox 950 1900 979 1949; x_wconf 89' lang='lat' dir='ltr'><strong>et</strong></span> <span class='ocrx_word' id='word_1_174' title='bbox 993 1880 1149 1969; x_wconf 86' lang='lat' dir='ltr'><strong>pudicitiae</strong></span> 
     </span>
     <span class='ocr_line' id='line_1_22' title="bbox 158 1972 1150 2050; baseline -0.001 -17"><span class='ocrx_word' id='word_1_175' title='bbox 158 1973 299 2050; x_wconf 88' lang='lat' dir='ltr'><strong>virginum</strong></span> <span class='ocrx_word' id='word_1_176' title='bbox 329 1972 548 2049; x_wconf 76' lang='lat' dir='ltr'><strong>consulebatur,</strong></span> <span class='ocrx_word' id='word_1_177' title='bbox 576 1975 706 2033; x_wconf 78' lang='lat' dir='ltr'><strong>certatim</strong></span> <span class='ocrx_word' id='word_1_178' title='bbox 734 1993 834 2034; x_wconf 89' lang='lat' dir='ltr'><strong>omnes</strong></span> <span class='ocrx_word' id='word_1_179' title='bbox 855 1973 977 2032; x_wconf 80' lang='lat' dir='ltr'><strong>feminae</strong></span> <span class='ocrx_word' id='word_1_180' title='bbox 998 1974 1150 2049; x_wconf 88' lang='lat' dir='ltr'><strong>inpensius</strong></span> 
     </span>
     <span class='ocr_line' id='line_1_23' title="bbox 129 2055 1149 2133; baseline -0.006 -14"><span class='ocrx_word' id='word_1_181' title='bbox 129 2064 147 2119; x_wconf 84' lang='lat' dir='ltr'><strong>‘l</strong></span> <span class='ocrx_word' id='word_1_182' title='bbox 160 2065 316 2115; x_wconf 87' lang='lat' dir='ltr'><strong>exornatae</strong></span> <span class='ocrx_word' id='word_1_183' title='bbox 332 2057 360 2115; x_wconf 93' lang='lat' dir='ltr'><strong>in</strong></span> <span class='ocrx_word' id='word_1_184' title='bbox 375 2056 513 2133; x_wconf 88' lang='lat' dir='ltr'><strong>templum</strong></span> <span class='ocrx_word' id='word_1_185' title='bbox 528 2056 652 2127; x_wconf 79' lang='lat' dir='ltr'><strong>lleneris</strong></span> <span class='ocrx_word' id='word_1_186' title='bbox 669 2058 854 2117; x_wconf 81' lang='lat' dir='ltr'><strong>conueniunt:</strong></span> <span class='ocrx_word' id='word_1_187' title='bbox 871 2072 943 2132; x_wconf 85' lang='lat' dir='ltr'><strong>quas</strong></span> <span class='ocrx_word' id='word_1_188' title='bbox 959 2070 1060 2113; x_wconf 91' lang='lat' dir='ltr'><strong>omnes</strong></span> <span class='ocrx_word' id='word_1_189' title='bbox 1076 2055 1149 2113; x_wconf 89' lang='lat' dir='ltr'><strong>Dio·</strong></span> 
     </span>
     <span class='ocr_line' id='line_1_24' title="bbox 158 2138 1150 2216; baseline 0.005 -20"><span class='ocrx_word' id='word_1_190' title='bbox 158 2139 255 2212; x_wconf 79' lang='lat' dir='ltr'><strong>nysius</strong></span> <span class='ocrx_word' id='word_1_191' title='bbox 279 2138 404 2212; x_wconf 84' lang='lat' dir='ltr'><strong>inmissis</strong></span> <span class='ocrx_word' id='word_1_192' title='bbox 421 2138 557 2198; x_wconf 88' lang='lat' dir='ltr'><strong>militibus</strong></span> <span class='ocrx_word' id='word_1_193' title='bbox 586 2139 693 2216; x_wconf 90' lang='lat' dir='ltr'><strong>spoliat</strong></span> <span class='ocrx_word' id='word_1_194' title='bbox 713 2146 936 2215; x_wconf 88' lang='lat' dir='ltr'><strong>ornamentaque</strong></span> <span class='ocrx_word' id='word_1_195' title='bbox 956 2147 1150 2201; x_wconf 81' lang='lat' dir='ltr'><strong>matronarum</strong></span> 
     </span>
     <span class='ocr_line' id='line_1_25' title="bbox 127 2219 1149 2298; baseline -0.004 -16"><span class='ocrx_word' id='word_1_196' title='bbox 127 2221 185 2283; x_wconf 73' lang='lat' dir='ltr'><strong>ein</strong></span> <span class='ocrx_word' id='word_1_197' title='bbox 200 2220 335 2298; x_wconf 86' lang='lat' dir='ltr'><strong>praedam</strong></span> <span class='ocrx_word' id='word_1_198' title='bbox 351 2223 538 2297; x_wconf 79' lang='lat' dir='ltr'><strong>sbamuertit.</strong></span> <span class='ocrx_word' id='word_1_199' title='bbox 562 2221 744 2295; x_wconf 82' lang='lat' dir='ltr'><strong>Quarundam</strong></span> <span class='ocrx_word' id='word_1_200' title='bbox 763 2224 842 2281; x_wconf 80' lang='lat' dir='ltr'><strong>uiros</strong></span> <span class='ocrx_word' id='word_1_201' title='bbox 863 2221 984 2281; x_wconf 90' lang='lat' dir='ltr'><strong>ditiores</strong></span> <span class='ocrx_word' id='word_1_202' title='bbox 1002 2219 1149 2294; x_wconf 85' lang='lat' dir='ltr'><strong>interficit,</strong></span> 
     </span>
     <span class='ocr_line' id='line_1_26' title="bbox 127 2301 1149 2384; baseline -0.006 -18"><span class='ocrx_word' id='word_1_203' title='bbox 127 2312 146 2366; x_wconf 82' lang='lat'><strong>9</strong></span> <span class='ocrx_word' id='word_1_204' title='bbox 162 2302 297 2380; x_wconf 78' lang='lat' dir='ltr'><strong>quasdam</strong></span> <span class='ocrx_word' id='word_1_205' title='bbox 319 2304 355 2363; x_wconf 92' lang='lat' dir='ltr'><strong>ad</strong></span> <span class='ocrx_word' id='word_1_206' title='bbox 377 2303 542 2380; x_wconf 91' lang='lat' dir='ltr'><strong>prodendas</strong></span> <span class='ocrx_word' id='word_1_207' title='bbox 558 2306 683 2376; x_wconf 84' lang='lat' dir='ltr'><strong>virorum</strong></span> <span class='ocrx_word' id='word_1_208' title='bbox 701 2306 838 2384; x_wconf 88' lang='lat' dir='ltr'><strong>pecunias</strong></span> <span class='ocrx_word' id='word_1_209' title='bbox 854 2312 978 2379; x_wconf 83' lang='lat' dir='ltr'><strong>torquet.</strong></span> <span class='ocrx_word' id='word_1_210' title='bbox 1015 2301 1149 2362; x_wconf 78' lang='lat' dir='ltr'><strong>(lumbis</strong></span> 
     </span>
     <span class='ocr_line' id='line_1_27' title="bbox 158 2385 1149 2464; baseline -0.002 -20"><span class='ocrx_word' id='word_1_211' title='bbox 158 2385 267 2444; x_wconf 89' lang='lat' dir='ltr'><strong>artibus</strong></span> <span class='ocrx_word' id='word_1_212' title='bbox 295 2403 348 2463; x_wconf 92' lang='lat' dir='ltr'><strong>per</strong></span> <span class='ocrx_word' id='word_1_213' title='bbox 373 2402 463 2445; x_wconf 91' lang='lat' dir='ltr'><strong>annos</strong></span> <span class='ocrx_word' id='word_1_214' title='bbox 488 2404 542 2446; x_wconf 83' lang='lat' dir='ltr'><strong>sex</strong></span> <span class='ocrx_word' id='word_1_215' title='bbox 562 2395 732 2463; x_wconf 85' lang='lat' dir='ltr'><strong>regnasset,</strong></span> <span class='ocrx_word' id='word_1_216' title='bbox 755 2387 970 2464; x_wconf 80' lang='lat' dir='ltr'><strong>conspiratione</strong></span> <span class='ocrx_word' id='word_1_217' title='bbox 990 2385 1149 2445; x_wconf 77' lang='lat' dir='ltr'><strong>locrorum</strong></span> 
     </span>
     <span class='ocr_line' id='line_1_28' title="bbox 117 2467 1149 2545; baseline -0.005 -16"><span class='ocrx_word' id='word_1_218' title='bbox 117 2479 151 2533; x_wconf 90' lang='lat'><strong>10</strong></span> <span class='ocrx_word' id='word_1_219' title='bbox 159 2468 274 2526; x_wconf 89' lang='lat' dir='ltr'><strong>civitate</strong></span> <span class='ocrx_word' id='word_1_220' title='bbox 291 2467 391 2545; x_wconf 88' lang='lat' dir='ltr'><strong>pulsus</strong></span> <span class='ocrx_word' id='word_1_221' title='bbox 406 2469 435 2527; x_wconf 92' lang='lat' dir='ltr'><strong>in</strong></span> <span class='ocrx_word' id='word_1_222' title='bbox 449 2469 575 2529; x_wconf 88' lang='lat' dir='ltr'><strong>Siciliam</strong></span> <span class='ocrx_word' id='word_1_223' title='bbox 588 2469 673 2529; x_wconf 89' lang='lat' dir='ltr'><strong>redit.</strong></span> <span class='ocrx_word' id='word_1_224' title='bbox 695 2469 738 2529; x_wconf 91' lang='lat' dir='ltr'><strong>lbi</strong></span> <span class='ocrx_word' id='word_1_225' title='bbox 754 2470 914 2542; x_wconf 75' lang='lat' dir='ltr'><strong>Syracusas</strong></span> <span class='ocrx_word' id='word_1_226' title='bbox 929 2469 1042 2527; x_wconf 88' lang='lat' dir='ltr'><strong>securis</strong></span> <span class='ocrx_word' id='word_1_227' title='bbox 1060 2467 1149 2527; x_wconf 91' lang='lat' dir='ltr'><strong>omni·</strong></span> 
     </span>
     <span class='ocr_line' id='line_1_29' title="bbox 157 2548 1149 2653; baseline -0.002 -44"><span class='ocrx_word' id='word_1_228' title='bbox 157 2548 211 2609; x_wconf 90' lang='lat' dir='ltr'><strong>bus</strong></span> <span class='ocrx_word' id='word_1_229' title='bbox 229 2559 295 2653; x_wconf 81' lang='lat' dir='ltr'><strong>post</strong></span> <span class='ocrx_word' id='word_1_230' title='bbox 316 2551 431 2626; x_wconf 89' lang='lat' dir='ltr'><strong>longam</strong></span> <span class='ocrx_word' id='word_1_231' title='bbox 454 2552 699 2629; x_wconf 85' lang='lat' dir='ltr'><strong>intercapedinem</strong></span> <span class='ocrx_word' id='word_1_232' title='bbox 722 2552 803 2628; x_wconf 91' lang='lat' dir='ltr'><strong>pacis</strong></span> <span class='ocrx_word' id='word_1_233' title='bbox 819 2568 873 2628; x_wconf 89' lang='lat' dir='ltr'><strong>per</strong></span> <span class='ocrx_word' id='word_1_234' title='bbox 893 2551 1085 2628; x_wconf 88' lang='lat' dir='ltr'><strong>proditionem</strong></span> <span class='ocrx_word' id='word_1_235' title='bbox 1101 2567 1149 2607; x_wconf 90' lang='lat' dir='ltr'><strong>re·</strong></span> 
     </span>
     <span class='ocr_line' id='line_1_30' title="bbox 159 2634 625 2710; baseline 0 -19"><span class='ocrx_word' id='word_1_236' title='bbox 159 2634 246 2710; x_wconf 87' lang='lat' dir='ltr'><strong>cepit.</strong></span> <span class='ocrx_word' id='word_1_237' title='bbox 420 2652 431 2663; x_wconf 88' lang='lat'><strong>·</strong></span> <span class='ocrx_word' id='word_1_238' title='bbox 622 2650 625 2651; x_wconf 46' lang='lat'><em>⁷</em></span> 
     </span>
     <span class='ocr_line' id='line_1_31' title="bbox 131 2712 1149 2791; baseline -0.003 -17"><span class='ocrx_word' id='word_1_239' title='bbox 131 2729 142 2779; x_wconf 87' lang='lat'>1</span> <span class='ocrx_word' id='word_1_240' title='bbox 209 2717 239 2774; x_wconf 87' lang='grc'><strong>4.</strong></span> <span class='ocrx_word' id='word_1_241' title='bbox 261 2714 335 2773; x_wconf 90' lang='lat' dir='ltr'><strong>Dum</strong></span> <span class='ocrx_word' id='word_1_242' title='bbox 353 2714 427 2773; x_wconf 91' lang='lat' dir='ltr'><strong>baec</strong></span> <span class='ocrx_word' id='word_1_243' title='bbox 447 2716 475 2774; x_wconf 88' lang='lat' dir='ltr'><strong>in</strong></span> <span class='ocrx_word' id='word_1_244' title='bbox 489 2716 589 2775; x_wconf 90' lang='lat' dir='ltr'><strong>Sicilia</strong></span> <span class='ocrx_word' id='word_1_245' title='bbox 609 2723 763 2791; x_wconf 90' lang='lat' dir='ltr'><strong>geruntur,</strong></span> <span class='ocrx_word' id='word_1_246' title='bbox 780 2714 892 2775; x_wconf 90' lang='lat' dir='ltr'><strong>interim</strong></span> <span class='ocrx_word' id='word_1_247' title='bbox 912 2716 940 2774; x_wconf 92' lang='lat' dir='ltr'><strong>in</strong></span> <span class='ocrx_word' id='word_1_248' title='bbox 954 2715 1054 2774; x_wconf 79' lang='lat' dir='ltr'><strong>Africa</strong></span> <span class='ocrx_word' id='word_1_249' title='bbox 1073 2712 1149 2789; x_wconf 89' lang='lat' dir='ltr'><strong>prin·</strong></span> 
     </span>
     <span class='ocr_line' id='line_1_32' title="bbox 158 2795 1149 2878; baseline -0.004 -22"><span class='ocrx_word' id='word_1_250' title='bbox 158 2815 229 2874; x_wconf 89' lang='lat' dir='ltr'><strong>ceps</strong></span> <span class='ocrx_word' id='word_1_251' title='bbox 253 2795 529 2874; x_wconf 82' lang='lat' dir='ltr'><strong>Carthaginiensium</strong></span> <span class='ocrx_word' id='word_1_252' title='bbox 553 2798 638 2857; x_wconf 83' lang='lat' dir='ltr'><strong>Anno</strong></span> <span class='ocrx_word' id='word_1_253' title='bbox 665 2815 740 2876; x_wconf 90' lang='lat' dir='ltr'><strong>opes</strong></span> <span class='ocrx_word' id='word_1_254' title='bbox 764 2815 848 2878; x_wconf 80' lang='lat' dir='ltr'><strong>suas,</strong></span> <span class='ocrx_word' id='word_1_255' title='bbox 878 2798 980 2875; x_wconf 84' lang='lat' dir='ltr'><strong>quibus</strong></span> <span class='ocrx_word' id='word_1_256' title='bbox 1002 2799 1079 2856; x_wconf 88' lang='lat' dir='ltr'><strong>vires</strong></span> <span class='ocrx_word' id='word_1_257' title='bbox 1104 2797 1149 2853; x_wconf 89' lang='lat' dir='ltr'><strong>rei</strong></span> 
     </span>
     <span class='ocr_line' id='line_1_33' title="bbox 157 2876 1151 2958; baseline -0.005 -20"><span class='ocrx_word' id='word_1_258' title='bbox 157 2879 292 2957; x_wconf 91' lang='lat' dir='ltr'><strong>publicae</strong></span> <span class='ocrx_word' id='word_1_259' title='bbox 316 2879 490 2957; x_wconf 87' lang='lat' dir='ltr'><strong>superabat,</strong></span> <span class='ocrx_word' id='word_1_260' title='bbox 514 2882 543 2938; x_wconf 93' lang='lat' dir='ltr'><strong>in</strong></span> <span class='ocrx_word' id='word_1_261' title='bbox 568 2880 765 2958; x_wconf 89' lang='lat' dir='ltr'><strong>occupandam</strong></span> <span class='ocrx_word' id='word_1_262' title='bbox 787 2880 1013 2940; x_wconf 77' lang='lat' dir='ltr'><strong>dominatIonem·</strong></span> <span class='ocrx_word' id='word_1_263' title='bbox 1029 2876 1151 2936; x_wconf 90' lang='lat' dir='ltr'><strong>intendit</strong></span> 
     </span>
    </p>
   </div>
   <div class='ocr_carea' id='block_1_5' title="bbox 15 2958 1149 3039">
    <p class='ocr_par' dir='ltr' id='par_1_7' title="bbox 15 2958 1149 3039">
     <span class='ocr_line' id='line_1_34' title="bbox 15 2958 1149 3039; baseline -0.009 -14"><span class='ocrx_word' id='word_1_264' title='bbox 15 3000 17 3005; x_wconf 59' lang='lat'>&lt;</span> <span class='ocrx_word' id='word_1_265' title='bbox 126 2972 336 3039; x_wconf 74' lang='lat' dir='ltr'><strong>tregnumquc</strong></span> <span class='ocrx_word' id='word_1_266' title='bbox 355 2963 493 3022; x_wconf 89' lang='lat' dir='ltr'><strong>invadere</strong></span> <span class='ocrx_word' id='word_1_267' title='bbox 514 2963 669 3022; x_wconf 87' lang='lat' dir='ltr'><strong>interiecto</strong></span> <span class='ocrx_word' id='word_1_268' title='bbox 685 2971 785 3022; x_wconf 91' lang='lat' dir='ltr'><strong>senatu</strong></span> <span class='ocrx_word' id='word_1_269' title='bbox 802 2971 921 3022; x_wconf 91' lang='lat' dir='ltr'><strong>conatus</strong></span> <span class='ocrx_word' id='word_1_270' title='bbox 935 2970 989 3020; x_wconf 90' lang='lat' dir='ltr'><strong>est.</strong></span> <span class='ocrx_word' id='word_1_271' title='bbox 1014 2958 1065 3017; x_wconf 85' lang='lat' dir='ltr'><strong>Cui</strong></span> <span class='ocrx_word' id='word_1_272' title='bbox 1084 2976 1149 3016; x_wconf 90' lang='lat' dir='ltr'><strong>sce-</strong></span> 
     </span>
    </p>
   </div>
   <div class='ocr_carea' id='block_1_6' title="bbox 129 3042 1150 3452">
    <p class='ocr_par' dir='ltr' id='par_1_8' title="bbox 129 3042 1150 3452">
     <span class='ocr_line' id='line_1_35' title="bbox 157 3042 1149 3124; baseline -0.004 -22"><span class='ocrx_word' id='word_1_273' title='bbox 157 3044 212 3103; x_wconf 92' lang='lat' dir='ltr'><strong>leri</strong></span> <span class='ocrx_word' id='word_1_274' title='bbox 226 3045 396 3104; x_wconf 89' lang='lat' dir='ltr'><strong>sollemnem</strong></span> <span class='ocrx_word' id='word_1_275' title='bbox 411 3048 571 3124; x_wconf 87' lang='lat' dir='ltr'><strong>nuptiarum</strong></span> <span class='ocrx_word' id='word_1_276' title='bbox 587 3045 661 3104; x_wconf 88' lang='lat' dir='ltr'><strong>diem</strong></span> <span class='ocrx_word' id='word_1_277' title='bbox 678 3045 753 3109; x_wconf 84' lang='lat' dir='ltr'><strong>illias</strong></span> <span class='ocrx_word' id='word_1_278' title='bbox 770 3063 840 3105; x_wconf 91' lang='lat' dir='ltr'><strong>suae</strong></span> <span class='ocrx_word' id='word_1_279' title='bbox 856 3045 943 3120; x_wconf 89' lang='lat' dir='ltr'><strong>legit,</strong></span> <span class='ocrx_word' id='word_1_280' title='bbox 961 3052 990 3101; x_wconf 90' lang='lat' dir='ltr'><strong>ut</strong></span> <span class='ocrx_word' id='word_1_281' title='bbox 1004 3042 1149 3117; x_wconf 87' lang='lat' dir='ltr'><strong>religione</strong></span> 
     </span>
     <span class='ocr_line' id='line_1_36' title="bbox 129 3122 1150 3203; baseline -0.009 -14"><span class='ocrx_word' id='word_1_282' title='bbox 129 3135 289 3189; x_wconf 72' lang='lat' dir='ltr'><strong>ductorum</strong></span> <span class='ocrx_word' id='word_1_283' title='bbox 304 3128 427 3186; x_wconf 80' lang='lat' dir='ltr'><strong>nefanda</strong></span> <span class='ocrx_word' id='word_1_284' title='bbox 444 3137 603 3186; x_wconf 89' lang='lat' dir='ltr'><strong>commenta</strong></span> <span class='ocrx_word' id='word_1_285' title='bbox 620 3127 732 3186; x_wconf 81' lang='lat' dir='ltr'><strong>facilius</strong></span> <span class='ocrx_word' id='word_1_286' title='bbox 752 3136 930 3203; x_wconf 88' lang='lat' dir='ltr'><strong>tegerentur.</strong></span> <span class='ocrx_word' id='word_1_287' title='bbox 953 3125 1053 3202; x_wconf 90' lang='lat' dir='ltr'><strong>ltaque</strong></span> <span class='ocrx_word' id='word_1_288' title='bbox 1069 3122 1150 3200; x_wconf 89' lang='lat' dir='ltr'><strong>plebi</strong></span> 
     </span>
     <span class='ocr_line' id='line_1_37' title="bbox 158 3209 1150 3288; baseline -0.004 -22"><span class='ocrx_word' id='word_1_289' title='bbox 158 3209 261 3285; x_wconf 91' lang='lat' dir='ltr'><strong>epulas</strong></span> <span class='ocrx_word' id='word_1_290' title='bbox 278 3212 304 3268; x_wconf 92' lang='lat' dir='ltr'><strong>in</strong></span> <span class='ocrx_word' id='word_1_291' title='bbox 322 3209 447 3287; x_wconf 87' lang='lat' dir='ltr'><strong>publicis</strong></span> <span class='ocrx_word' id='word_1_292' title='bbox 461 3209 639 3286; x_wconf 89' lang='lat' dir='ltr'><strong>porticibus,</strong></span> <span class='ocrx_word' id='word_1_293' title='bbox 657 3212 767 3269; x_wconf 87' lang='lat' dir='ltr'><strong>senatui</strong></span> <span class='ocrx_word' id='word_1_294' title='bbox 783 3213 812 3269; x_wconf 93' lang='lat' dir='ltr'><strong>in</strong></span> <span class='ocrx_word' id='word_1_295' title='bbox 829 3211 914 3269; x_wconf 91' lang='lat' dir='ltr'><strong>domo</strong></span> <span class='ocrx_word' id='word_1_296' title='bbox 930 3228 979 3288; x_wconf 85' lang='lat' dir='ltr'><strong>spa</strong></span> <span class='ocrx_word' id='word_1_297' title='bbox 1002 3214 1098 3285; x_wconf 84' lang='lat' dir='ltr'><strong>parat,</strong></span> <span class='ocrx_word' id='word_1_298' title='bbox 1118 3214 1150 3263; x_wconf 88' lang='lat' dir='ltr'><strong>ut</strong></span> 
     </span>
     <span class='ocr_line' id='line_1_38' title="bbox 129 3287 1149 3367; baseline -0.003 -19"><span class='ocrx_word' id='word_1_299' title='bbox 129 3316 132 3321; x_wconf 21' lang='grc' dir='ltr'><strong>Δ</strong></span> <span class='ocrx_word' id='word_1_300' title='bbox 156 3291 405 3367; x_wconf 23' lang='lat' dir='ltr'><strong>poculis-veneno</strong></span> <span class='ocrx_word' id='word_1_301' title='bbox 429 3293 546 3352; x_wconf 83' lang='lat' dir='ltr'><strong>iniectis</strong></span> <span class='ocrx_word' id='word_1_302' title='bbox 570 3294 714 3352; x_wconf 89' lang='lat' dir='ltr'><strong>secretius</strong></span> <span class='ocrx_word' id='word_1_303' title='bbox 741 3302 869 3351; x_wconf 87' lang='lat' dir='ltr'><strong>senatum</strong></span> <span class='ocrx_word' id='word_1_304' title='bbox 897 3301 925 3350; x_wconf 92' lang='lat' dir='ltr'><strong>et</strong></span> <span class='ocrx_word' id='word_1_305' title='bbox 946 3294 1011 3349; x_wconf 87' lang='lat' dir='ltr'><strong>sine</strong></span> <span class='ocrx_word' id='word_1_306' title='bbox 1034 3287 1149 3349; x_wconf 84' lang='lat' dir='ltr'><strong>arbitris</strong></span> 
     </span>
     <span class='ocr_line' id='line_1_39' title="bbox 129 3367 1150 3452; baseline -0.003 -21"><span class='ocrx_word' id='word_1_307' title='bbox 129 3371 335 3431; x_wconf 77' lang='lat' dir='ltr'><strong>⁴iinterliceret</strong></span> <span class='ocrx_word' id='word_1_308' title='bbox 355 3373 514 3452; x_wconf 83' lang='lat' dir='ltr'><strong>orbamque</strong></span> <span class='ocrx_word' id='word_1_309' title='bbox 536 3393 597 3434; x_wconf 88' lang='lat' dir='ltr'><strong>rem</strong></span> <span class='ocrx_word' id='word_1_310' title='bbox 614 3374 758 3452; x_wconf 85' lang='lat' dir='ltr'><strong>publicam</strong></span> <span class='ocrx_word' id='word_1_311' title='bbox 773 3375 888 3433; x_wconf 82' lang='lat' dir='ltr'><strong>facilius</strong></span> <span class='ocrx_word' id='word_1_312' title='bbox 904 3373 1063 3432; x_wconf 86' lang='lat' dir='ltr'><strong>invaderet.</strong></span> <span class='ocrx_word' id='word_1_313' title='bbox 1085 3367 1150 3441; x_wconf 83' lang='lat' dir='ltr'><strong>Qua</strong></span> 
     </span>
    </p>
   </div>
   <div class='ocr_carea' id='block_1_7' title="bbox 0 0 1226 3975">
    <p class='ocr_par' dir='ltr' id='par_1_9' title="bbox 0 0 1226 3975">
     <span class='ocr_line' id='line_1_40' title="bbox 0 0 1226 3975; baseline 0 0"><span class='ocrx_word' id='word_1_314' title='bbox 0 0 1226 3975; x_wconf 95' lang='lat' dir='ltr'><strong> </strong></span> 
     </span>
    </p>
   </div>
  </div>
 </body>
</html>
