2442 3975
67 222 106 273 Vl
118 225 206 277 2-4.
422 224 624 272 ursmarum.
639 224 731 273 ttrrr.
829 247 836 261 ·
1026 215 1067 273 47
1088 228 1096 243 ·

66 383 192 456 fortiter,
210 380 298 439 muita
315 378 442 439 feliciter
456 379 529 454 agit:
546 394 635 454 agros
650 376 774 438 hostiles
788 385 893 453 vastat,
911 372 1000 440 urbes
1016 397 1066 440 er·

67 474 175 544 pugnat
186 472 216 523 et
228 464 310 540 quasi
322 467 481 539 tempestas
494 462 635 538 quaedam
647 471 749 521 cuncta
761 462 928 540 prosternit.
957 461 1110 536 Quibusli

67 548 155 607 rebus
171 547 263 606 territi
278 543 500 605 Lacedaemonii
512 543 548 604 ad
561 545 674 622 patriae
693 544 851 605 subsidium
872 546 1067 607 revocandum

68 630 104 690 ab
121 630 193 689 Asia
207 627 378 705 Agesilaum
392 627 561 687 decemnnt

130 715 159 774 3.
172 711 289 773 Interim
300 709 454 771 Pisandrus
465 706 501 770 ab
511 710 654 787 Agesilao
667 710 873 789 proficiscente
886 709 945 769 dur
955 711 1066 789 patriae
1084 720 1097 770 t

67 796 189 855 relictus
204 795 349 870 ingentem
365 794 490 853 classem
506 795 622 853 summis
641 794 752 854 viribus
772 794 901 868 instruit,
924 792 1067 869 fortunam

67 878 139 938 beili
151 885 352 954 temptaturus.
367 875 499 937 Necnon
511 887 540 936 et
552 874 656 936 Conon
664 886 732 937 tunc
740 879 862 955 primum
873 876 1068 936 cambeotium
1082 887 1103 941 a

68 959 201 1020 exercitu
217 976 410 1020 concursums
423 978 527 1034 magna
540 977 609 1019 cura
622 960 736 1041 ordipat‘
746 977 825 1020 suos.
852 961 966 1020 Summa
978 961 1066 1036 igitur
1079 970 1101 1024 3

66 1061 126 1103 non
160 1045 179 1105 †
200 1042 302 1101 ducum
323 1050 429 1100 tanturn
452 1043 483 1100 iu
505 1058 543 1101 ec
563 1042 680 1118 proelio
698 1059 780 1120 quarn
800 1041 881 1117 vulgi
908 1043 1063 1103 aemulatio

66 1127 130 1187 init.
163 1125 236 1186 Nam
251 1134 281 1184 et
296 1126 360 1202 ipse
375 1125 433 1185 dur
449 1123 553 1185 (innon
573 1141 632 1184 uon
653 1135 709 1187 tam
731 1126 828 1186 Persis
851 1143 935 1205 quam
956 1128 1103 1206 patriaee

67 1209 217 1283 studebat,
236 1217 266 1268 et
281 1209 366 1268 sicuti
381 1209 503 1269 adflictis
517 1208 735 1269 Atheniensium
752 1208 840 1269 rebus
862 1219 964 1269 auctor
982 1209 1065 1269 amis·
1084 1218 1104 1271 5

68 1310 118 1352 sae
134 1293 337 1352 dominationis
352 1292 456 1367 iuerat,
472 1294 515 1350 sic
532 1292 742 1353 volebatidem
756 1292 857 1353 haberi
869 1292 1001 1352 redditae
1015 1309 1066 1369 pa·

67 1377 208 1453 triamque
225 1375 369 1436 vincendo
386 1377 541 1452 recipere,
557 1392 642 1454 quarn
662 1377 756 1447 victus
773 1378 923 1437 amiserat:
947 1393 984 1435 eo
1001 1394 1067 1454 spe·
1083 1383 1103 1437 6

68 1460 192 1533 ciosius,
216 1460 294 1535 quod
308 1477 345 1517 ne
361 1460 490 1536 ipsorum
512 1459 627 1537 quidem
647 1459 883 1533 Atheniensium,
905 1459 958 1519 sed
980 1459 1067 1517 alieni

68 1542 174 1621 proelii
192 1541 300 1601 viribus
315 1542 447 1616 dimicet,
462 1550 640 1619 pugnaturus
662 1542 794 1619 periculo
816 1543 914 1619 regis,
938 1543 1068 1601 victums

68 1625 196 1703 praemio
214 1627 342 1701 patriae,
365 1625 546 1704 gloriamque
567 1626 693 1686 dirersis
715 1627 824 1685 artibus
846 1642 930 1702 quarn
952 1625 1068 1702 priores

69 1709 193 1767 civitatis
206 1725 276 1766 suae
290 1707 380 1767 duces
395 1718 621 1768 consecuturus:
640 1708 749 1787 quippe
761 1709 829 1768 iilos
842 1707 985 1767 vincendo
997 1707 1065 1767 Per·
1082 1714 1100 1769 ‘i

69 1809 117 1851 sas
134 1792 253 1869 patriam
266 1791 446 1869 defendisse,
464 1811 497 1852 se
512 1791 617 1852 Persas
631 1793 759 1853 victores
772 1791 906 1851 iaciendo
919 1792 1066 1851 restitutu-

67 1893 130 1934 rum
145 1875 266 1952 patriam
281 1893 358 1935 esse.
389 1875 481 1936 Pomo
493 1875 647 1936 Pisandrus
665 1892 718 1954 pro
741 1877 944 1935 coniunctione
961 1872 1065 1950 Agesi-
1083 1881 1102 1936 8

69 1958 107 2019 iai
123 1960 208 2019 etiam
220 1960 354 2019 virtutum
370 1960 530 2020 aemulator
544 1968 607 2019 erat
622 1957 886 2037 contendebatque,
901 1975 938 2016 ne
950 1974 967 2017 a
979 1956 1068 2016 rebus

68 2043 161 2119 gestis
175 2044 238 2102 eius
254 2053 283 2102 et
298 2044 413 2120 gloriae
429 2043 588 2121 splendore
603 2043 773 2118 decederet,
788 2060 863 2101 neve
879 2050 923 2100 tot
933 2040 1020 2099 bellis
1033 2058 1068 2099 ac

69 2126 195 2185 saeculis
213 2128 374 2204 quaesitum
395 2128 545 2204 imperium
564 2126 663 2186 brevis
680 2127 815 2186 momenti
839 2124 924 2203 culpa
947 2122 1067 2182 subver-

69 2217 154 2268 teret.
180 2207 290 2269 Eadem
307 2219 337 2268 et
354 2211 477 2268 omniurn
493 2214 698 2285 regum'scura
716 2219 788 2285 erat,
813 2225 887 2286 quos
900 2207 993 2267 maior
1008 2206 1067 2266 sol·
1084 2216 1104 2270 9

70 2291 189 2351 licitudo
204 2290 363 2368 cruciabat,
378 2310 436 2352 non
450 2301 507 2352 tarn
522 2310 559 2351 ne
574 2294 631 2371 ipsi
648 2294 793 2369 quaesitas
805 2309 879 2371 opes
891 2292 1066 2365 amitterent,

71 2392 154 2453 quarn
169 2393 206 2434 ne
222 2376 358 2453 pristinas
371 2375 565 2435 Athenienses
575 2378 754 2452 reciperent.
782 2376 841 2436 Sed
855 2384 961 2453 quanto
976 2376 1067 2434 maius
1077 2386 1114 2437 10

69 2459 213 2536 proelium
228 2460 292 2535 init,
310 2468 389 2519 tanto
406 2468 436 2519 et
451 2459 559 2519 clarior
578 2459 700 2519 victoria
716 2457 855 2519 Cononis.
885 2458 963 2518 Victi
976 2457 1067 2518 haee·
1077 2470 1110 2520 ll

69 2542 212 2602 daemonii
229 2542 328 2619 iugem
350 2552 560 2620 capesserent,
582 2541 727 2621 praesidia
745 2542 867 2603 hostium
880 2543 1002 2603 Athenis
1018 2542 1067 2602 de·
1077 2551 1113 2603 12
1202 2555 1205 2564 ·

69 2625 225 2699 ducuntur,
247 2627 359 2703 populo
374 2628 506 2686 restituta
522 2625 661 2704 dignitate
686 2627 819 2687 condicio
841 2627 957 2687 servilis
979 2627 1068 2703 eripi·

68 2717 125 2782 tur,
144 2707 252 2766 multae
267 2725 384 2787 quoque
400 2711 533 2769 civitates
548 2710 733 2787 recipiuntur.
764 2730 768 2736 ⁴

106 2854 109 2859 ,
130 2792 160 2849 4.
182 2788 247 2848 Hoc
266 2791 374 2850 initium
398 2790 626 2852 Atheniensibus
650 2790 841 2853 resumendae
864 2793 1013 2882 potentiae
1036 2796 1099 2852 etl

68 2872 306 2932 Lacedaemoniis
320 2873 470 2935 habendae
490 2877 553 2937 bnis
574 2877 637 2936 iuit.
669 2874 800 2956 Namque
821 2877 910 2936 veluti
933 2889 997 2932 oum
1017 2872 1102 2930 ima

69 2958 154 3036 perio
171 2958 257 3017 etiam
272 2959 406 3017 virtutem
421 2959 627 3037 perdidissent,
645 2960 789 3021 contemni
812 2977 827 3018 a
850 2957 974 3017 finitimis
995 2970 1065 3014 cue·

68 3058 151 3118 pere.
182 3039 269 3101 Primi
279 3042 368 3119 igitur
378 3039 513 3102 Thebani
536 3037 982 3103 Atheniensibusauxiliantibus
1002 3036 1103 3101 bei-3

68 3123 125 3181 ium
138 3122 183 3183 his
197 3125 341 3185 intulere:
358 3122 433 3203 quae
449 3127 551 3186 civitas
566 3145 604 3186 ex
620 3126 744 3186 finitimis
759 3121 943 3184 incrementis
958 3121 1064 3180 virtute
1080 3128 1099 3177 4

67 3203 284 3283 Epaminondae
308 3208 391 3268 ducis
416 3207 452 3269 ad
474 3228 559 3288 spem
579 3210 694 3287 imperii
716 3207 856 3269 Graeciae
883 3213 983 3265 erecta
1009 3212 1064 3262 est.

67 3287 114 3347 Fit
127 3290 224 3368 itaque
239 3301 380 3352 terrestre
395 3294 553 3370 proelium:
573 3292 676 3354 eadem
692 3289 986 3352 Lacedaemoniorum
1006 3285 1064 3345 ior·
1081 3297 1101 3349 5

66 3381 150 3446 tuna,
170 3390 226 3452 qua
241 3384 397 3452 pugnatum
412 3375 553 3437 adversus
571 3373 692 3435 Gonona
708 3374 803 3435 navali
821 3372 936 3450 proelio
961 3369 1064 3428 iuerat.

66 3454 100 3515 ln
115 3472 153 3515 eo
168 3455 249 3516 bello
265 3457 424 3535 Lysander,
440 3477 499 3539 quc
513 3461 590 3520 duee
601 3457 797 3519 Athenienses
810 3456 879 3517 victi
892 3472 908 3516 a
919 3453 1065 3514 Lacedae·
1081 3461 1103 3516 6

509 3725 540 3750 Q
