2442 3975
141 193 204 258 aad
507 200 615 252 uocat
629 199 760 248 Ponam
880 190 1011 246 xvmr.
1041 189 1137 246 xixa

111 404 115 416 .
142 356 247 418 deiadc
266 355 369 417 diebos
382 353 519 416 Carthalo
534 355 625 432 petito
642 360 802 412 commeatu
813 369 829 412 a
841 352 952 431 populo
963 370 1027 412 cum
1038 369 1137 412 rerer·

141 458 192 499 sus
210 440 246 499 ad
259 449 375 517 »patrem
395 446 475 498 esset
487 446 664 514 ornatusque
679 451 806 514 purpura
821 444 850 494 et
866 434 964 495 infulis
980 436 1139 496 sacerdotii

143 523 266 582 ommium
288 540 320 581 se
345 522 438 582 oculis
459 521 624 597 ingereret,
640 528 697 578 tum
710 521 737 577 in
752 527 897 578 sacratum
912 518 1037 579 abducto
1055 522 1139 596 paler

100 607 194 669 uodo:
212 606 358 664 ‘aususoe
369 622 418 683 es,
437 603 672 663 nefandissimum
688 611 789 679 caput,
810 602 865 660 ista
880 618 1006 679 purpura
1022 609 1051 660 et
1068 618 1139 660 auro

142 698 260 748 ornatus
271 690 300 746 io
317 695 504 765 conspectum
518 694 563 745 tot
575 688 743 755 miserorum
756 685 860 743 civium
876 685 976 743 venire
989 693 1019 743 et
1029 693 1139 744 maesta

118 789 178 831 ,ac
193 771 321 848 lugentia
339 780 434 830 castra
451 769 713 829 circumfluentibus
732 770 846 845 quietae
863 767 1010 826 felicitatis
1021 768 1137 843 insigui-

59 921 69 940 ‚
144 853 198 913 bas
215 854 296 912 volut
313 852 525 913 exultabuodus
540 849 669 911 intrare?
688 850 872 930 Nusquamne
894 858 924 909 te
944 850 1009 910 allis
1029 853 1140 924 iactare

102 949 133 1000 11
142 933 281 1014 potuisti?
307 935 409 1010 Nullus
433 936 516 994 locus
530 936 624 1011 aptior
639 951 723 1011 quam
738 933 841 993 sordes
856 935 946 1010 patris
961 941 990 992 et
1006 933 1086 992 exilii
1099 935 1139 991 ln·

101 1019 240 1082 lalelicls
260 1036 413 1078 aerumnae
437 1014 574 1077 luerunt?
593 1015 686 1092 Quid,
708 1016 784 1094 quod
807 1016 894 1093 paulo
918 1024 984 1075 uate
1007 1024 1140 1089 vocatos,

145 1118 202 1159 aon
231 1101 298 1160 dico
323 1111 450 1180 patrem,
477 1100 580 1167 ducem
605 1108 686 1158 certe
707 1101 810 1157 civium
833 1098 961 1175 superbe
977 1095 1141 1176 'sprevistil

103 1183 219 1257 13ουἰά
240 1179 329 1261 qiorro
351 1193 381 1243 tu
401 1186 428 1241 io
450 1184 652 1260 purpura‘ista
667 1183 843 1258 coronisque
857 1180 933 1240 aliud
949 1198 1032 1259 quam
1048 1183 1140 1239 victo·

103 1268 257 1329 lariorum
270 1283 396 1325 rosarum
416 1265 515 1324 titulos
537 1261 637 1341 geris?
662 1262 802 1335 Quoniam
823 1265 852 1321 ia
873 1272 956 1341 patre
970 1265 1058 1339 igitur
1071 1262 1141 1322 nihil

146 1350 202 1407 ruisi
226 1348 320 1408 exulis
341 1364 445 1407 nomeu
468 1349 619 1423 agnoscis,
647 1363 704 1422 ego
727 1364 844 1424 quoque
868 1348 1073 1424 imperatorem
1095 1363 1141 1406 me

147 1432 239 1506 magis
265 1449 348 1506 quam
369 1439 481 1509 patrem
505 1430 639 1490 iudicabo
662 1439 841 1506 statuamque
867 1429 896 1486 iu
920 1438 951 1487 to
965 1429 1141 1507 exemplum,

108 1525 139 1577 15
146 1532 183 1572 ae
198 1515 263 1591 quis
285 1513 409 1590 posthac
426 1512 590 1572 infelicibus
604 1507 729 1571 miseriis
743 1513 833 1590 patria
845 1512 976 1571 inludat!
995 1511 1092 1588 Atque
1104 1514 1142 1570 ila

149 1614 213 1654 eum
230 1615 292 1654 cum
308 1606 409 1674 ornatu
425 1611 478 1655 suo
491 1598 518 1654 iu
532 1596 699 1655 altissimam
715 1612 830 1654 crucem
842 1597 871 1652 io
887 1593 1046 1673 conspectu
1063 1593 1143 1653 urbis

108 1679 245 1754 losuiligi
265 1681 356 1737 iussit.
400 1679 470 1739 Post
491 1695 602 1756 paucos
628 1677 733 1737 deinde
760 1677 823 1736 diss
839 1674 1043 1754 Carthaginem
1066 1679 1143 1752 capit

150 1770 334 1837 evocatoque
362 1761 473 1839 populo
496 1761 531 1820 ad
551 1762 717 1819 contionem
740 1760 818 1819 exilii
846 1760 975 1820 iniuriam
1003 1761 1142 1838 querilur,

149 1842 220 1902 belli
234 1844 439 1908 necessitatem
455 1852 590 1917 excusat,
607 1851 828 1919 contentumque
839 1843 960 1902 victoria
976 1860 1026 1902 sua
1038 1843 1144 1920 punitis

151 1927 320 1984 auctoribus
337 1926 509 1985 miserorum
531 1927 633 1984 citium
653 1927 782 1985 iniuriosi
802 1925 882 2011 exilii
898 1925 1028 1984 omuibus
1043 1934 1081 1984 se'
1092 1943 1143 1984 ve·

108 2019 141 2072 17
151 2011 224 2067 niam
233 2010 310 2072 ,dara
326 2009 403 2069 dicit.
432 2010 532 2086 Atque
547 2010 585 2067 ita
603 2010 705 2069 decem
722 2009 904 2068 senatoribus
921 2009 1081 2068 interfectis
1096 2027 1144 2066 ur·

110 2092 215 2155 lahem
243 2091 358 2169 legibus
385 2093 443 2150 suis
468 2090 600 2151 reddidit.
640 2091 818 2151 Neo-multo
836 2101 906 2169 post
927 2091 991 2169 ipse
1006 2091 1146 2151 adfectati

151 2174 234 2251 regui
257 2184 410 2233 accusatas
431 2173 555 2250 duplicis
584 2183 614 2233 et
635 2176 663 2232 io
685 2175 744 2234 lilio
770 2183 800 2233 et
821 2175 849 2232 io
877 2176 981 2250 patria·
998 2173 1145 2253 parricidii

108 2269 271 2334 19poeoas
288 2256 375 2316 dedit.
418 2254 490 2314 Huic
512 2254 597 2331 llago
626 2258 785 2333 imperator
805 2259 965 2330 successim
998 2259 1078 2315 ouius
1103 2258 1146 2314 iu·

152 2339 260 2399 dustria
283 2349 312 2398 et
336 2356 410 2417 opes
427 2332 706 2413 Carthaginiensium
720 2348 749 2398 ct
762 2339 874 2414 imperii
888 2338 960 2395 linas
974 2346 1003 2395 et
1017 2338 1147 2397 bellicae

152 2422 265 2498 gloriae
281 2422 392 2481 laudes·
402 2429 566 2479 creverunt.

528 2658 733 2670 ....-.---—-

414 2871 840 2963 uia-auxonio.
975 2948 978 2953 ,

126 3103 143 3154 1
223 3092 256 3149 i.
287 3054 385 3165 Mago
401 3085 678 3162 Carthaginiensium
698 3088 855 3164 imperator
876 3098 939 3140 cum
960 3065 1067 3158 primus
1087 3095 1149 3137 om·

152 3173 229 3231 alum
253 3171 383 3231 ordinata
405 3169 557 3247 disciplina
579 3168 855 3252 militari-imperium
871 3165 1033 3225 Poenorum
1050 3162 1149 3221 coodi-

153 3253 245 3314 disset
269 3255 408 3332 viresque
430 3252 553 3311 civitatis
575 3268 633 3310 oon
652 3252 744 3311 miuus
763 3249 891 3311 bellandi
914 3256 977 3306 arte
993 3263 1075 3323 qoam
1092 3245 1149 3302 vir·

153 3345 214 3395 tute
235 3335 394 3414 firmasset,
414 3336 490 3395 diem
504 3334 632 3409 iungitur
648 3334 759 3394 relictis
775 3334 888 3393 duobus
904 3329 970 3389 dliis
985 3326 1151 3388 Asdrubale

123 3425 185 3475 aot
205 3416 368 3492 micare,
392 3417 441 3494 qui
462 3434 517 3495 per
536 3417 663 3493 vestigia
678 3424 818 3493 paternae
832 3414 945 3474 virtutis
960 3411 1152 3472 decurreotca
