2442 3975
120 164 178 230 198
496 181 604 232 raom
619 160 765 232 rournr'
910 177 1112 232 xxxma-5

117 342 184 394 ante
209 351 340 395 sororem
364 336 566 410 interfecerat,
594 336 672 413 capit
693 338 815 414 eiusque
841 337 984 427 supplicio
1009 340 1111 397 uxoris

37 416 69 433 ''
117 418 432 496 manibusparentavit.
967 462 970 467 -

91 511 106 563 1
182 503 210 559 4.
236 501 299 559 At
291 519 319 560 m
334 502 472 578 Aegypto
485 498 643 597 Cleopatra
658 518 721 560 cum
736 477 908 577 gravaretur
919 502 1002 560 socio
1013 504 1109 578 regni,

117 582 178 642 illio
193 583 378 658 Ptolemaeo,
393 584 555 662 populum
547 600 575 641 ιιι
592 600 656 658 eum
671 584 787 659 incitat,
815 583 997 660 abductaque
1013 602 1041 643 er
1033 585 1110 643 Se·

118 665 184 724 lene
200 684 291 728 uxore
307 683 344 725 eo
360 667 518 742 indignius,
543 665 619 742 qqod
634 683 672 724 ex
686 665 818 725 Selene
810 684 865 725 ram
882 666 954 726 duos
971 667 1046 725 tilios
1059 667 1110 726 la·

121 748 224 824 bebat,
249 749 368 808 exulare
390 749 486 825 cogit,
508 750 650 807 arcessito
673 749 782 808 minore
805 749 865 808 titio
889 749 1058 809 Alexandro
1079 759 1111 809 et

89 840 190 907 trege
204 832 231 890 in
247 832 341 892 locum
357 832 453 890 fratris
470 834 643 891 constituto:
662 848 718 889 nec
734 831 821 890 lilium
840 849 933 909 regno
958 832 1109 908 expulisse

117 923 250 974 contenta
264 914 344 973 bello
363 912 453 992 Cypri
467 913 631 973 exulantem
646 916 840 991 persequitur.
869 914 952 974 Unde
964 914 1050 991 pulso
1067 916 1110 973 in·

118 997 223 1055 teriicit
240 997 342 1055 ducem
358 994 504 1056 exercitus
520 999 581 1072 sui,
597 995 676 1073 qnod
692 998 787 1061 vivum
803 1015 867 1055 euro
891 996 1055 1056 emanilrus
1067 996 1109 1055 di·

116 1081 258 1156 misisset,
284 1097 453 1157 quamquam
477 1080 661 1139 Ptolemaeus
690 1079 865 1138 verecundia
896 1080 1016 1139 materni
1036 1079 1110 1139 belli

90 1172 175 1225 3non
191 1163 299 1222 viribus
323 1165 413 1221 minor
435 1163 471 1220 ab
488 1162 580 1222 insula
605 1162 790 1220 recessisset.
823 1161 914 1238 Igitur
941 1162 1110 1221 Alexander

118 1247 233 1304 territus
247 1247 302 1304 hac
319 1246 415 1304 matris
431 1245 602 1304 crudelitate
619 1254 649 1302 et
665 1245 730 1321 ipse
746 1262 808 1303 eam
824 1246 979 1322 relinquit,
995 1246 1108 1322 perieu-

89 1327 182 1388 4loso
199 1345 291 1403 regno
308 1344 440 1387 securam
457 1345 492 1386 ac
508 1335 595 1386 tutam
615 1329 702 1386 vitam
724 1336 914 1404 anteponens.
949 1325 1110 1404 Cleopatra
1202 1354 1206 1362 Δ

117 1428 188 1469 vero
205 1411 324 1485 timens,
343 1428 380 1469 ne
395 1412 486 1469 maior
498 1410 573 1469 iilius
590 1409 774 1485 Ptolemaeus
792 1428 809 1469 a
832 1408 977 1485 cyziceno
1002 1410 1039 1468 ad
1061 1428 1109 1469 re·

117 1492 300 1570 ciperandam
317 1493 480 1570 Aegyptum
497 1493 609 1551 auxiliis
627 1496 789 1566 iuvaretur,
805 1493 932 1569 ingentia
948 1493 1047 1570 Grypo
1059 1511 1108 1552 au·

117 1576 185 1634 xilia
203 1584 232 1634 et
248 1576 375 1635 Selenen
390 1593 527 1650 uxorem,
544 1584 694 1653 nupturam
708 1574 785 1634 hosti
800 1578 906 1652 prioris
927 1578 1030 1650 mariti,
1046 1576 1108 1634 mit·

90 1661 151 1720 stit
166 1657 419 1736 Alexandrumque
436 1659 524 1718 lilium
538 1676 592 1736 per
606 1658 722 1734 legatos
733 1659 760 1725 in
775 1666 897 1735 regnum
908 1667 1045 1718 reuocat:
1061 1659 1108 1717 cui

117 1741 339 1800 cumoccultatis
355 1742 465 1800 insidiis
483 1742 598 1800 exitium
612 1741 834 1817 machinaretur,
848 1740 1042 1820 occupataal)
1056 1757 1107 1799 eo·

115 1824 180 1883 dem
203 1825 372 1883 interficitur
395 1825 583 1921 spiritumque
605 1841 663 1883 non
685 1824 765 1898 lato,
790 1823 843 1883 sed
856 1824 1011 1903 parricidio
1028 1822 1109 1881 dedit

87 1907 200 1982 fidigna
218 1923 338 1984 prorsus
355 1906 410 1966 lrac
424 1908 524 1965 mortis
540 1906 671 1982 infamia,
686 1923 761 1983 qnae
777 1916 806 1965 et
826 1917 944 1967 matrem
965 1915 1030 1966 toro
1055 1924 1109 1965 ex

116 1990 188 2068 pulit
209 2000 238 2050 et
253 1991 322 2050 duas
339 1990 412 2050 illias
439 1992 540 2050 viduas
561 1991 675 2049 alterno
697 1992 814 2051 iratrum
837 1991 1015 2051 matrimonio
1037 1989 1108 2049 iecit

115 2080 144 2132 et
166 2073 225 2132 tilio
245 2074 359 2133 alteri
350 2092 378 2131 ιιι
399 2073 515 2133 exilium
537 2063 604 2133 acto
625 2073 735 2133 bellum
752 2073 863 2152 intulit,
893 2075 977 2135 alteri
1003 2082 1107 2150 erepto

114 2173 206 2231 regno
223 2157 338 2215 exitium
356 2174 409 2234 per
425 2157 543 2217 insidias
557 2157 718 2216 machinata
734 2164 804 2218 est

44 2305 52 2319 ‚
87 2247 103 2298 1
179 2240 208 2298 5.
231 2240 290 2309 Sed
312 2257 367 2297 nec
390 2239 557 2299 Alexandro
578 2239 687 2298 caedes
705 2249 762 2299 tam
784 2237 908 2297 nefanda
932 2239 1021 2298 inulta
1044 2237 1107 2297 init.

112 2320 184 2381 Nam
199 2321 247 2380 ubi
265 2323 384 2399 primum
399 2315 568 2400 conp'ertum
586 2332 631 2381 est
644 2322 759 2381 sceiere
775 2321 825 2380 iiiii
840 2330 958 2381 matrem
971 2322 1107 2380 interiac-

113 2412 185 2478 tam,
215 2421 359 2464 concursu
381 2405 509 2482 populi
501 2423 529 2464 m
545 2406 662 2464 exilium
678 2405 773 2481 agitur
789 2412 988 2483 revocatoque
1009 2403 1107 2463 Ptole·

112 2503 196 2544 maeo
211 2504 330 2563 regnum
345 2486 488 2563 redditur,
507 2489 554 2565 qui
569 2505 668 2585 neque
684 2505 747 2547 cnm
768 2496 859 2546 matre
877 2486 984 2547 bellum
1000 2504 1115 2563 gerere

111 2569 254 2629 voluisset
263 2587 388 2646 ,neque
410 2587 425 2627 a
448 2560 537 2630 iratre
560 2573 647 2630 armis
668 2579 824 2647 repetere,
842 2570 919 2646 quod
942 2572 1022 2647 prior
1038 2586 1107 2647 pos·

113 2652 247 2710 sedisset

83 2740 101 2794 t
175 2734 248 2792 llum
270 2734 343 2793 haec
359 2743 495 2810 aguntur,
511 2735 601 2794 irater
619 2735 681 2794 eius
695 2753 733 2794 ex
747 2734 863 2813 paelice
878 2742 1044 2811 susceptus,
1061 2733 1108 2792 cui
1182 2749 1183 2752 ’

112 2826 196 2895 pater
214 2814 389 2891 Cyrenarum
404 2835 525 2893 regnum
539 2826 712 2876 testamento
730 2818 904 2894 reliquerat,
926 2815 1036 2875 herede
1054 2833 1108 2893 po·

83 2901 181 2977 apulo
200 2899 331 2959 Romano
354 2901 482 2959 instituto
504 2900 629 2960 decedit.
665 2899 725 2959 lara
750 2902 825 2958 enim
845 2898 960 2958 iortnna
977 2898 1109 2958 Romana

111 2984 266 3061 porrigere
278 3001 311 3041 se
328 2981 362 3041 ad
380 2982 530 3042 orientalia
546 2999 652 3059 regna,
670 2977 728 3042 rr'on
743 2990 879 3041 contenta
894 2981 994 3041 ltaliae
1010 2983 1109 3039 termi-

111 3067 154 3124 nis
163 3076 340 3143 ,.coeperat
369 3065 471 3143 ltaque
487 3076 516 3124 et
532 3083 567 3125 ea
582 3063 651 3142 pars
664 3064 772 3139 Libyae
786 3066 935 3143 provincia
952 3064 1029 3123 iacta
1046 3071 1108 3129 est:

133 3158 215 3207 ostea
231 3146 317 3207 Creta
334 3146 494 3224 Ciliciaque
507 3149 643 3226 piratico
640 3148 725 3207 bello
738 3146 950 3225 perdomitae'
942 3164 971 3203 un
986 3147 1110 3203 formam

81 3166 280 3308 tlrovirrciae
306 3230 483 3306 rediguntur.
527 3231 592 3303 Quo
620 3231 698 3288 iacto
730 3240 761 3289 et
788 3230 892 3312 Syriae
915 3238 945 3288 et
977 3227 1110 3304 Aegypti

92 3330 203 3392 regna
217 3314 346 3372 Romana
363 3314 512 3372 vicinitate
529 3320 631 3386 artata,
647 3330 721 3389 quae
737 3303 913 3382 incrementa
929 3311 966 3371 de
982 3311 1110 3369 linitirnis

92 3379 197 3451 bellis
224 3412 367 3469 quaerere
390 3394 541 3470 solebant,
569 3394 704 3472 adempto
727 3393 851 3471 vagandi
882 3394 1001 3453 arbitrio
1027 3395 1111 3452 vires
