2442 3975
182 231 243 292 176
542 241 650 289 unoor
665 241 796 288 Pontem
967 232 1081 310 xxxly
1091 219 1177 290 ’1-3

179 399 250 457 iuris
264 398 413 472 iacerent,
436 413 493 475 quo
515 394 628 459 facilius
644 393 723 453 etad
741 394 911 472 obsequium
930 405 1108 470 cogerentur
1125 406 1173 471 et,

96 548 99 551 ,
151 483 206 547 bar
219 499 293 560 quae
309 480 397 539 urbes
410 489 595 539 contumaces
610 486 727 552 essent
740 479 940 536 traicerentur.
945 476 1058 554 Igitur
1078 442 1173 556 legati

180 566 304 623 omnium
320 564 475 623 eivitatium
490 559 670 641 principibus
687 521 855 619 Corinthum
872 565 1004 620 evocatis
1023 563 1174 621 decretum

150 657 298 712 tsenatus
323 649 458 720 recitant,
474 643 541 720 quid
567 644 680 703 consilii
704 643 830 703 habeant
859 645 1005 743 aperiunt:
1031 644 1172 723 expedire

180 731 311 790 omnibus
329 731 446 805 dicunt,
461 738 492 788 ut
510 728 642 804 singulae
658 728 790 785 civitates
807 746 859 787 sua
876 730 939 787 iura
953 736 982 787 et
1003 746 1071 788 suas
1087 729 1171 804 leges

150 814 315 880 8habeant.
357 812 443 886 Quod
467 812 516 871 ubi
545 811 675 873 amnibus
701 810 842 886 innotuit,
869 811 960 870 veluti
989 813 1017 869 in
1037 812 1171 885 ,furorem

152 900 259 962 ovensi
271 899 435 961 universum
448 900 634 973 peregrinum
647 894 785 972 populum
798 895 954 954 trucidant:
972 895 1088 971 legatos
1100 911 1171 972 quo-

181 1000 238 1059 que
262 983 346 1058 ipsos
368 978 562 1039 Romanorum
579 978 755 1052 violassent,
770 979 798 1036 ni
815 977 912 1037 audito
929 979 1049 1037 tumultu
1065 977 1172 1057 trepidi

181 1066 333 1141 fugissent.

155 1162 169 1212 1
244 1147 274 1206 2
307 1146 388 1206 Haec
403 1145 451 1205 ubi
465 1147 586 1205 Romam
600 1144 727 1204 nuntiata
743 1153 823 1220 sunt
838 1145 934 1204 statim
952 1154 1070 1204 senatus
1082 1143 1173 1204 bium

180 1232 237 1291 mio
255 1230 367 1289 consuli
384 1229 491 1288 bellum
508 1217 667 1286 Achaicum
684 1227 831 1302 decernit,
853 1229 901 1305 qui
923 1228 1071 1304 extemplo
1087 1246 1173 1287 exer·

183 1308 240 1374 citu
255 1314 409 1390 deportato
425 1321 454 1371 et
470 1311 600 1370 omnibus
617 1320 736 1369 strenue
750 1312 877 1389 provisis
892 1311 1037 1389 pugnandi
1058 1313 1174 1388 copiam

152 1396 312 1461 ahosotus
328 1396 408 1454 lecit.
431 1395 490 1454 Sed
501 1394 613 1453 Achaei
630 1394 721 1453 veluti
739 1394 809 1453 nihil
825 1397 933 1470 negotii
945 1395 1076 1455 Romano
1092 1394 1173 1454 bello

103 1478 107 1484 ’
184 1480 401 1557 suscepissent,
422 1479 460 1538 ita
482 1476 557 1555 apud
578 1494 631 1536 eos
654 1478 803 1553 neglecta
812 1488 840 1536 et
855 1477 949 1538 soluta
967 1480 1059 1553 omnia
1077 1478 1173 1537 inere.

151 1565 281 1643 altaque
297 1562 449 1640 praedam,
465 1578 522 1620 non
534 1562 676 1638 proelium
689 1563 851 1637 cogitantes
864 1571 893 1619 et
904 1550 1037 1622 vehicula
1050 1562 1086 1620 ad
1103 1578 1172 1638 spo·

182 1642 219 1707 lia
244 1647 367 1705 hostium
392 1645 569 1723 reportanda
589 1644 768 1704 adduxerunt
789 1653 818 1703 et
838 1646 978 1722 coniuges
1003 1646 1173 1721 liberosque

152 1742 252 1794 4suos
270 1729 304 1788 ad
317 1729 516 1826 spectaculum
532 1730 723 1787 certaminis'
715 1747 744 1786 m
760 1728 903 1786 montibus
917 1736 1085 1827 posuerunt
1111 1727 1173 1786 Sed

151 1888 156 1891 ι
182 1812 297 1892 proelio
324 1814 479 1872 commisso
504 1822 568 1871 ante
595 1812 698 1871 oculos
725 1828 841 1870 suorum
872 1814 951 1871 caesi
980 1811 1102 1888 lugubre
1127 1810 1173 1869 his

151 1896 381 1974 ospectaculum
398 1904 427 1953 et
442 1913 560 1971 gravem
576 1895 670 1953 luctus
687 1896 853 1954 memoriam
873 1896 1061 1973 reliquerunt.
1095 1892 1172 1951 Con·

182 1983 266 2058 iuges
287 1998 403 2057 quoque
418 1978 562 2058 liberique
584 1996 684 2037 eorum
699 1977 736 2038 de
752 1978 967 2057 spectatoribus
982 1976 1086 2056 captivi
1101 1975 1175 2036 iacti

155 2063 292 2163 bpraeuda
307 2063 457 2122 hostinmi
457 2081 535 2122 uere.
558 2062 637 2121 Urbs
648 2064 712 2140 ipsa
727 2062 882 2123 Corinthus
898 2064 1026 2137 diruitur,
1043 2061 1173 2139 populus

185 2150 276 2208 omnis
292 2146 345 2205 sub
364 2163 472 2205 corona
486 2146 636 2220 venditur,
653 2155 683 2204 ut
698 2146 756 2205 hoc
773 2146 909 2224 exemplo
926 2147 1033 2205 ceteris
1051 2145 1174 2204 civitati·

182 2231 237 2290 bus
255 2240 347 2289 metus
360 2245 498 2288 novaram
514 2247 608 2288 rerum
626 2231 825 2307 inponeretur

153 2325 171 2378 't
245 2313 320 2372 Dum
343 2313 418 2371 haec
440 2324 579 2389 aguntur,
602 2331 656 2371 rex
678 2313 781 2387 Syriae
803 2314 966 2373 Antiochus
985 2280 1175 2407 Ptolemaeo,

159 2398 300 2456 maioris
316 2398 427 2455 sororis
442 2415 512 2455 suae
527 2396 586 2456 lilio
593 2415 682 2475 ,regi
676 2396 839 2474 Aegypti,
851 2396 959 2456 bellum
971 2395 1059 2453 infert
1065 2393 1175 2470 ,segni

185 2479 335 2539 admodum
351 2489 379 2538 et
396 2480 538 2539 cotidiana
553 2441 689 2539 luriuria
680 2489 719 2538 ita
734 2481 888 2553 marcenti,
903 2487 933 2536 ut
947 2494 1006 2536 non
1017 2476 1114 2536 solum
1128 2494 1175 2535 re·

185 2565 251 2639 giae
268 2564 426 2623 maiestatis
443 2564 538 2623 oliioia
554 2565 772 2637 intermitteret,
790 2581 889 2621 verum
911 2562 997 2620 etiam
1014 2578 1102 2619 sensu
1121 2558 1174 2619 ho·

155 2646 268 2711 aminis
283 2646 369 2707 nimia
385 2647 485 2722 sagina
508 2656 632 2706 careret
665 2647 767 2706 Pulsus
788 2648 874 2723 igitur
894 2662 988 2721 regno
1005 2643 1040 2703 ad
1055 2644 1177 2706 tratrem

184 2731 325 2811 minorem
341 2730 535 2789 Ptolemaeum
550 2730 765 2790 Alexandream
777 2730 922 2806 coniugii:
940 2729 1177 2806 participatoque

186 2832 249 2875 oum
265 2833 302 2873 eo
320 2830 413 2889 regno
427 2813 541 2890 legatos
558 2815 678 2874 Romam
696 2814 730 2873 ad
748 2824 878 2874 senatum
893 2814 1020 2886 mittunt,
1038 2810 1176 2869 auxilium

185 2906 304 2976 petunt,
324 2897 410 2956 iidem
432 2899 581 2958 societatis
599 2889 754 2976 inplorant
786 2897 907 2957 Movere
924 2855 1053 2955 senatbm
1067 2909 1176 2971 preces

184 2982 313 3041 fratrum.

157 3077 173 3128 1
245 3063 274 3124 3.
308 3063 427 3125 Mittitur
450 3065 548 3143 itaque
574 3066 687 3141 legatus
707 3065 836 3163 Popilius
859 3063 895 3123 ad
915 3060 1105 3131 Antiochum,
1127 3058 1176 3135 qui

185 3146 332 3207 abstinere
354 3150 434 3215 illum
456 3149 594 3225 Aegypto
610 3158 673 3223 aut
697 3151 721 3208 si
744 3167 799 3208 ram
816 3147 1004 3220 incessisset
1026 3141 1175 3202 excedere

155 3229 306 3292 {liaberet
332 3231 427 3291 Cum
418 3252 446 3291 ιιι
462 3232 598 3309 Aegypto
615 3250 679 3290 eum
694 3233 856 3290 invenisset
872 3230 1061 3305 osculumque
1079 3228 1105 3283 ei
1121 3242 1176 3281 rex

186 3312 339 3373 obtulisset
355 3317 435 3393 (nam
457 3315 588 3375 coluerat
608 3316 683 3375 inter
707 3324 825 3374 ceteros
842 3314 986 3391 Popilium
1001 3308 1176 3383 Antiochus,

187 3414 251 3454 cum
274 3396 363 3456 obses
386 3398 496 3458 Romae
516 3399 628 3476 esset):
652 3408 719 3457 tunc
740 3397 869 3475 Popilius
890 3397 1040 3455 lacessere
1062 3391 1178 3451 interim

180 3477 327 3551 privatam
343 3482 493 3541 amicitiam
510 3481 605 3557 iubet,
626 3499 689 3540 cum
702 3480 833 3541 mandata
849 3481 960 3559 patriae
977 3475 1177 3543 intercedant;
