2442 3975
80 200 298 254 xxxv1117.8
424 208 622 269 susurrum.
636 208 726 256 nrm.
1007 197 1062 259 iar

78 361 205 422 Dareum
221 372 251 424 et
260 362 438 441 Philippum,
455 378 545 437 aegra
557 361 623 419 inde
635 361 734 437 lugam
745 360 800 419 sibi
812 361 978 439 expedisse,
991 361 1069 422 unde·

79 447 145 523 ipse
156 463 286 522 magnam
298 445 440 504 adversus
451 443 597 503 Romanos
609 454 721 521 partem
733 445 834 503 uirium
846 444 976 504 haberet.
993 446 1097 508 malea

78 536 170 605 toque
181 547 215 587 sc
227 528 349 587 timidius
362 545 397 586 ac
408 527 583 586 dillldentius
596 526 675 585 bella
687 527 806 586 Pontica
816 529 989 606 ingressum,
1003 547 1066 587 cum

80 612 144 688 ipse
158 613 237 670 rudis
250 628 284 668 ac
297 613 352 668 tiro
368 620 457 686 esset,
466 610 642 684 etScptbiae
655 619 773 687 praeter
784 628 862 669 arma
876 612 1067 687 virtutemque

79 694 164 752 animi
180 694 311 752 locorum
327 711 443 771 quoque
459 692 660 752 solitudinibus
672 692 720 751 vel
733 693 889 769 frigoribus
900 695 1067 768 instructae,
1130 750 1139 765 ,

80 794 135 852 per
153 794 228 852 quae
246 775 461 836 denuntiaretur
485 777 589 851 ingens
606 775 724 834 militiae
740 777 899 874 periculum
922 794 956 835 ae
974 776 1066 835 labor.

79 858 158 918 luter
171 876 242 936 quas
256 858 441 919 dilllcultates
452 875 571 935 nospes
586 858 702 935 quidem
713 861 833 936 praemii
826 859 922 919 foret
934 878 972 919 ex
983 859 1067 919 hoste
1080 872 1099 922 5

79 958 226 1037 ragonea
242 952 349 1001 tantum
362 944 514 1020 pecuniae,
531 942 680 1000 sedetiam
693 941 792 1000 sedis
783 944 872 1019 inopi.
901 943 939 1002 At
948 961 1024 1001 nunc
1035 952 1101 1006 see

78 1014 225 1085 diuers'am
241 1026 311 1084 belli
325 1026 526 1085 condicionem
541 1025 664 1101 ingredi.
689 1023 761 1085 Nam
773 1042 868 1103 neque
883 1025 966 1085 caelo
981 1026 1068 1084 Asiae

81 1127 150 1167 esse
166 1111 354 1185 temperatius
370 1109 462 1183 alind,
485 1126 541 1166 nec
559 1108 625 1167 solo
642 1107 773 1167 fertilius
781 1126 836 1166 nee
853 1109 962 1168 urbium
978 1108 1070 1168 multi·

80 1190 177 1253 tudine
193 1194 356 1259 amoenius;
375 1209 565 1268 magnumque
587 1191 728 1267 temporis
742 1201 852 1268 partem
872 1209 929 1251 uon
947 1201 977 1250 ut
997 1191 1069 1250 mili·

79 1275 165 1349 tiam,
189 1275 240 1334 sod
256 1283 286 1333 ut
302 1275 408 1334 festum
423 1274 499 1334 diem
514 1284 631 1334 acturos
650 1273 730 1332 bello
752 1274 867 1333 dubium
885 1274 963 1334 facili
978 1276 1070 1350 magis

80 1375 115 1415 an
129 1359 239 1433 ubere,
255 1358 377 1417 simodo
393 1366 442 1416 aut
457 1360 603 1436 proximas
625 1358 709 1434 regui
729 1356 846 1416 Attalici
863 1375 938 1436 opes
958 1367 1006 1416 aut
1020 1365 1097 1419 ιιι-7

79 1449 158 1500 teres
173 1440 281 1514 Lydiae
296 1441 455 1517 Ioniaeque
469 1443 767 1517 audierint,quasuon
782 1451 976 1518 expugnatum
994 1450 1069 1514 eant,

80 1525 133 1582 sed
150 1540 335 1600 possessum3
354 1533 519 1600 tantumque
536 1543 569 1582 se
584 1523 832 1599 auidaexspectat
843 1524 925 1598 Asia,
941 1533 972 1581 ut
986 1525 1102 1584 etiam8

79 1606 203 1665 vocibus
222 1615 323 1665 vocet:
339 1606 413 1665 adeo
430 1607 488 1665 illis
504 1608 599 1665 odium
614 1605 809 1665 Romanorum
825 1607 945 1664 incussit
959 1607 1070 1683 rapaci·

78 1699 124 1748 tas
151 1690 374 1765 proconsulum,
400 1691 492 1749 sectio
519 1689 754 1767 publicanorum,
783 1688 942 1748 calumniae
970 1688 1070 1748 litium.

79 1773 245 1849 Sequuntur
260 1790 292 1830 se
310 1773 397 1831 modo
417 1772 532 1830 fortiter
547 1781 578 1830 et
590 1771 744 1847 colligant,
762 1772 828 1848 quid
843 1790 877 1830 se
892 1772 966 1831 duce
977 1773 1102 1848 possiti

81 1855 202 1914 allicere
218 1864 313 1914 tantus
332 1858 498 1930 exercitus,
521 1872 605 1932 quem
624 1856 686 1914 sina
703 1855 869 1931 cuiusquam
888 1855 1007 1913 militum
1023 1874 1071 1915 au·

80 1939 152 1999 silio
175 1948 287 1999 suamet
302 1941 384 1998 iunius
400 1956 492 2016 opera
510 1938 636 1997 uiderint
657 1935 873 2016 Cappadociam
892 1954 981 1998 caeso
999 1956 1071 2015 rege

82 2025 216 2098 cepisse,
237 2025 285 2101 qui
306 2023 388 2082 solus
407 2022 569 2081 mortalium
592 2022 710 2102 Pontum
732 2039 844 2080 omnem
866 2022 1072 2100 Scythiamque

80 2108 247 2183 pacaverit,
272 2124 357 2185 quam
373 2122 458 2164 nemo
476 2115 541 2164 ante
557 2107 681 2164 transire
695 2113 756 2164 tuto
772 2115 859 2182 atque
874 2105 954 2181 adire
973 2108 1071 2181 potuit.

80 2188 152 2248 Nam
168 2192 293 2249 institiae
312 2200 399 2267 atquc
415 2189 597 2248 liberalitatis
616 2206 686 2247 suae
707 2207 762 2247 nec
775 2189 858 2266 ipsos
883 2185 990 2244 milites
1006 2187 1118 2262 quialo

80 2275 268 2348 experiantur
295 2283 392 2333 testes
422 2272 561 2348 reingere
589 2280 621 2329 et
649 2272 700 2331 illa
721 2273 824 2331 indicia
847 2270 971 2346 habere,
995 2271 1073 2348 quod

81 2355 164 2414 solus
179 2375 280 2433 regum
297 2376 356 2417 non
369 2365 489 2434 paterna
506 2356 617 2429 solum,
634 2357 834 2414 verumetiam
851 2364 971 2414 externa
983 2371 1072 2430 regna

82 2439 289 2499 hereditatibus
303 2450 426 2519 propter
441 2439 661 2498 munificentiam
673 2439 814 2538 adquisita
829 2438 989 2517 possideat,
1004 2434 1071 2496 Gol-

81 2522 154 2581 chos
163 2523 429 2601 ,Paphlagoniam
446 2522 620 2600 Bosporum.

146 2568 173 2664 8.
197 2608 246 2665 Sic
267 2610 400 2667 excitatis
418 2606 555 2665 militibus
578 2616 646 2683 post
667 2624 757 2665 anuos
776 2613 836 2665 tres
853 2616 881 2664 et
900 2604 956 2664 XX
970 2605 1102 2681 sumptil

79 2690 166 2763 regni
183 2691 211 2745 iu
227 2688 355 2749 Romana
373 2690 451 2748 bella
467 2689 630 2748 descendit

80 2795 83 2802 ⁴
145 2771 265 2849 Atque
257 2791 285 2830 ιιι
299 2778 438 2850 Aegypto
453 2781 565 2832 mortuo
584 2791 658 2849 rege
673 2772 841 2832 Ptolemaeo
864 2773 891 2829 ei
918 2772 965 2848 qui
982 2767 1071 2841 Cyre·
1084 2778 1119 2827 m

80 2855 125 2912 nia
148 2855 288 2931 regnabat
305 2855 473 2914 Ptolemaeo
496 2874 549 2932 per
568 2855 683 2932 legatos
703 2874 823 2931 regnum
839 2863 869 2911 et
890 2870 964 2910 uxor
986 2849 1071 2909 Ole'o·

81 2947 165 3015 patra
180 2956 299 3018 regma
317 2955 402 2997 soror
414 2940 524 3014 tpsrus
542 2938 682 2997 delentur
713 2932 1105 3011 baetusigiturhocsoloss

80 3021 279 3101 Ptolemaeus,
296 3022 375 3101 qnod
390 3023 454 3079 sine
472 3023 628 3080 certamine
643 3022 799 3081 fraternum
812 3035 932 3095 regnum
943 3018 1073 3093 recepis-

81 3114 146 3180 set,
163 3107 189 3163 in
210 3106 287 3183 quod
304 3106 457 3165 subornari
476 3114 533 3163 eta
548 3101 639 3164 maire
658 3102 817 3181 Cleopatra
836 3111 864 3160 et
879 3101 981 3160 lavore
998 3102 1073 3176 prin·

82 3190 178 3269 cipum
202 3190 298 3248 fratris
317 3189 404 3247 lilium
427 3198 623 3286 cognoverat,
646 3197 774 3245 ceterum
791 3186 913 3245 infestus
931 3182 1073 3281 omnibns,

82 3272 176 3328 statim
192 3270 240 3328 ubi
257 3271 494 3345 Alexandriam
485 3288 636 3346 ingressus
654 3280 716 3342 est,
739 3271 869 3329 lautores
888 3268 971 3345 pueri
987 3267 1073 3325 truci·

81 3353 143 3412 dari
159 3354 251 3412 iussit.
275 3353 371 3430 lpsum
386 3371 502 3432 quoque
516 3355 562 3413 die
572 3355 749 3429 nuptiarum,
765 3352 866 3430 quibus
880 3359 1000 3410 matrem
1013 3351 1108 3412 elusi

80 3436 109 3494 in
124 3438 332 3496 matrimonium
349 3436 528 3515 recipiebat,
544 3438 619 3495 inter
633 3446 790 3513 apparatus
806 3436 954 3514 epularum
971 3441 1000 3492 et
1014 3433 1075 3493 sol-
