2442 3975
171 213 231 276 168
330 251 333 257 -
531 225 639 275 rsoor
658 225 788 274 ronrnr
949 211 1156 273 ·xxxrc.r

170 398 227 458 que
241 379 321 440 bello
340 380 506 440 necessaria
525 396 631 439 summa
646 380 782 438 industria
797 377 933 456 parabat,
955 380 1088 439 civitates
1103 398 1154 438 so-

170 465 231 521 cias
255 462 459 537 confirmabat,
482 462 584 522 dubias
603 461 767 521 inliciebat:
793 462 942 524 necxalius
964 464 1058 521 exitus
1079 462 1154 523 belli

140 557 157 609 5
171 562 254 622 qum
265 546 420 622 adparatus
433 546 583 623 utriusque
594 546 685 621 partis
697 545 758 603 luit.
783 543 883 620 ltaque
899 545 988 621 prima
999 546 1070 604 belli
1082 564 1152 605 con·

167 628 283 687 dicione
302 646 366 687 cum
386 628 526 688 cedentes
548 644 621 686 suos
632 645 686 686 rex
700 635 851 703 cerneret,
875 643 932 685 non
954 627 1152 687 laborantibus

168 711 304 770 auxilium
319 711 396 781 tulit,
414 710 466 769 sed
482 709 658 786 fugientibus
675 728 708 768 se
730 709 833 768 ducem
848 710 981 786 praebuit
997 719 1152 788 castraque

141 792 237 856 dditia
251 792 409 853 victoribus
426 792 572 869 relinquit.
607 791 720 851 Deinde
737 811 799 851 cum
814 794 843 850 in
858 791 957 864 Asiam
972 794 1081 870 praeda
1091 794 1150 853 Ro·

168 876 259 934 manis
287 876 436 953 occupatis
460 875 597 951 fugiendo
624 876 822 952 pervenisset,
847 877 1151 953 paenitereneglecti

69 980 72 985 ·
169 958 282 1018 consilii
300 960 400 1036 coepit
418 967 617 1035 revocatoque
637 958 665 1015 in
680 959 832 1020 amicitiam
847 957 990 1017 Annibale
1005 962 1099 1019 omnia
1114 978 1152 1017 ex

140 1050 156 1104 7
169 1042 311 1100 sententia
328 1042 389 1099 eius
402 1059 509 1116 agere.⁴
526 1039 644 1099 Interim
656 1041 798 1099 nuntiatur
810 1041 836 1099 ei
852 1040 976 1115 bivium,
992 1041 1152 1101 Romanum

169 1123 287 1196 ducem,
305 1142 369 1181 cum
383 1121 489 1182 LXXX
503 1124 636 1190 rostratis
652 1123 773 1182 navibus
788 1125 817 1181 in
833 1123 940 1183 bellum
954 1125 1058 1183 navale
1074 1143 1090 1185 a
1104 1142 1151 1184 se·

165 1214 235 1264 natu
249 1207 365 1264 missum
381 1202 554 1265 adventare:
573 1223 648 1283 quae
665 1220 714 1264 res
728 1224 811 1283 spem
826 1206 868 1265 illi
881 1208 1076 1267 restituendae
1092 1209 1151 1268 lor·

139 1296 252 1350 &tunae
274 1288 361 1346 dedit.
395 1286 496 1365 ltaque
518 1289 684 1364 priusquam
707 1290 806 1348 sociae
833 1290 965 1348 civitates
989 1290 1025 1350 ad
1049 1291 1152 1349 hostes

72 1385 78 1397 ·
169 1369 342 1445 deficerent,
359 1370 522 1442 decernere
534 1371 629 1430 navali
641 1370 755 1447 proelio
772 1373 884 1446 statuit,
901 1390 1023 1449 sperans
1039 1373 1153 1432 cladem

140 1453 196 1515 itin
214 1451 336 1511 Graecia
356 1462 506 1529 acceptam
527 1469 601 1512 nova
627 1470 716 1529 posse
733 1455 856 1514 victoria
874 1455 997 1514 aboleri.
1035 1456 1152 1516 Tradita

167 1536 254 1611 igitur
260 1534 395 1594 Annibali
407 1535 502 1594 classe
513 1535 655 1612 proelium
667 1538 860 1595 committitur.
879 1538 938 1597 Sed
949 1555 1043 1616 neque
1052 1538 1152 1597 Asiani

167 1618 271 1676 milites
284 1616 420 1676 Romanis
438 1635 532 1695 neque
548 1635 638 1677 naves
653 1636 752 1678 eorum
776 1638 862 1696 pares
884 1624 1016 1680 rostratis
1031 1621 1152 1680 navibus

88 1727 92 1736 ·
125 1712 158 1762 10
169 1700 266 1776 luere;
282 1702 374 1759 minor
390 1709 486 1760 tamen
502 1700 601 1760 clades
618 1700 698 1759 ducis
718 1702 846 1761 sollertia
862 1703 923 1761 init.
950 1702 1070 1764 Romam
1082 1721 1150 1764 non·

166 1783 231 1844 dum
247 1780 346 1861 opinio
362 1784 501 1843 victoriae
517 1792 638 1866 venerat
654 1792 682 1841 et
698 1784 809 1846 idcirco
825 1787 853 1843 in
865 1785 1032 1846 consulibus
1049 1804 1149 1845 crean-

166 1865 210 1924 dis
226 1882 367 1942 suspensa
385 1867 485 1928 civitas
504 1875 576 1925 erat.

138 1959 153 2011 1
230 1950 258 2007 7.
276 1948 335 2008 Sed
347 1946 666 2009 adversusAnnibalem
677 1948 779 2009 ducem
791 1950 855 2028 quis
867 1952 969 2019 melius
981 1968 1062 2029 quam
1070 1951 1149 2010 Atri-

166 2032 229 2090 cani
245 2032 336 2090 irater
352 2039 517 2106 crearetur,
541 2050 603 2090 cum
619 2034 739 2091 vincere
758 2034 874 2093 Poenos
892 2053 964 2111 opus
981 2035 1150 2111 Scipionum

138 2112 267 2174 desset?
292 2113 414 2173 Creator
429 2116 516 2190 igitur
531 2115 633 2174 consul
650 2115 753 2174 Lucius
770 2117 887 2194 Scipio,
904 2120 989 2196 eique
1007 2117 1091 2176 datur
1106 2115 1149 2176 le-

163 2205 248 2273 gatus
265 2197 355 2256 irater
370 2197 541 2272 Africanus,
561 2207 589 2256 ut
605 2197 791 2275 intellegeret
811 2199 972 2259 Antiochus
988 2217 1046 2259 non
1060 2200 1149 2258 maio·

165 2297 225 2338 rem
241 2279 373 2343 fiduciam
389 2297 422 2338 sc
436 2282 464 2338 in
479 2279 620 2339 Annibale
636 2282 714 2339 victo
731 2299 816 2359 quam
831 2282 977 2342 Romanos
991 2286 1019 2342 in
1037 2285 1150 2341 victore

137 2361 302 2438 SScipione
323 2361 442 2421 habere.
476 2363 685 2422 Traicientibus
701 2366 729 2422 in
749 2363 846 2424 Asiam
864 2365 1047 2442 Scipionibus
1064 2382 1150 2423 exer·

165 2445 250 2501 citum
260 2446 315 2502 iam
326 2445 478 2522 utrubique
490 2445 672 2522 profligatum
685 2446 791 2505 bellum
798 2449 951 2507 nuntiatum
965 2450 1150 2520 est,victnm-

165 2544 220 2601 que
233 2526 406 2586 Antiochum
418 2529 559 2602 terrestri,
575 2527 746 2588 Annibalem
760 2530 854 2599 navali
866 2529 946 2589 bello
964 2531 1149 2589 invenerunt.

136 2618 153 2668 4
164 2607 258 2666 Primo
271 2610 357 2685 igitur
366 2609 490 2669 adventu
501 2627 599 2669 eorum
610 2613 725 2688 legatos
736 2630 835 2689 pacem
844 2620 978 2690 petentes
987 2612 1150 2673 Antiochus

164 2690 199 2750 ad
215 2708 268 2749 eos
282 2693 365 2751 mittit
376 2692 524 2770 peculiare
536 2692 639 2753 donum
655 2696 792 2755 Africano
804 2696 934 2755 terentes
946 2696 1034 2755 liliuin
1045 2697 1149 2773 ipsius,

136 2784 152 2835 5
165 2791 251 2851 quem
264 2792 318 2833 rex
332 2792 421 2852 parvo
437 2777 552 2852 navigio
567 2779 746 2838 traicientem
763 2788 893 2858 ceperat.
918 2781 978 2839 Sed
994 2779 1149 2839 Africanus

163 2858 274 2934 privata
291 2857 432 2917 beneficia
447 2859 562 2918 arebus
577 2859 700 2937 publicis
714 2872 830 2922 secreta
847 2863 932 2936 dixit,
949 2864 1064 2940 aliaque
1079 2878 1149 2919 esse

91 3011 104 3019 .
163 2941 252 3017 patris
270 2940 381 3015 officia,
398 2935 454 3000 alia
471 2944 581 3018 patriae
593 2945 672 3018 iura,
689 2962 764 3021 quae
779 2962 836 3005 non
851 2946 1079 3017 liberistantum,
1096 2960 1147 3001 ve·

135 3030 225 3084 tirum
243 3024 329 3104 etiam
346 3026 422 3083 vitae
439 3026 495 3102 ipsi
509 3035 733 3103 praeponantur.
767 3028 890 3105 Proinde
905 3037 1018 3104 gratum
1040 3045 1073 3086 se
1087 3044 1147 3084 mu·

163 3122 215 3169 nus
238 3107 376 3183 accipere
400 3108 570 3185 privatoque
596 3110 741 3186 impendio
763 3111 975 3170 munificentiae
1000 3111 1079 3186 regis
1100 3126 1146 3167 re·

163 3204 344 3264 sponsorum.
376 3188 459 3261 Quod
476 3191 510 3250 ad
527 3190 636 3250 bellum
655 3210 816 3271 pacemque
833 3195 991 3270 pertineat,
1012 3192 1080 3251 nihil
1095 3209 1146 3250 ne-

162 3286 217 3345 que
229 3274 340 3346 gratiae
353 3272 413 3331 dari
425 3291 519 3349 neque
530 3274 566 3333 de
579 3275 641 3333 iure
653 3278 762 3354 patriae
774 3277 872 3336 decidi
883 3294 973 3356 posse
984 3273 1145 3353 respondit.

134 3360 150 3414 7
162 3349 234 3411 Nam
247 3371 342 3431 neque
358 3355 395 3414 de
406 3355 574 3415 redimendo
587 3357 646 3416 filio
661 3377 792 3435 umquam
808 3356 940 3419 tractavit
951 3377 1005 3418 nec
1017 3366 1147 3417 senatum

161 3432 198 3490 de
221 3450 257 3492 eo
279 3452 369 3526 ,agere
387 3438 534 3513 permisit,
558 3439 624 3513 sed,
650 3449 681 3498 ut
697 3441 811 3516 dignum
828 3443 978 3501 maiestate
996 3443 1058 3509 eius
1071 3447 1148 3515 erat,
