2442 3975
93 227 194 282 xv11.
210 231 226 279 a
446 235 536 283 mss.
548 238 642 286 Palu.
658 221 749 286 sarr.
1028 230 1090 289 10⁷

94 389 259 450 lncohatam
276 389 363 467 igitur
378 390 454 449 inter
467 389 572 449 iratres
586 381 852 452 reconciliationem
869 410 932 451 cum
948 357 1117 471 prdem-8

94 476 182 532 sisset
196 472 372 546 Demetrius,
388 490 442 550 per
457 473 575 532 insidias
589 474 787 535 Alexandrum
801 476 947 535 interfecit
963 495 1087 556 occupa·
1099 489 1118 542 9

93 565 183 635 toque
190 555 379 638 Macedoniae
394 573 488 632 regno
499 556 619 616 caedem
634 559 710 635 apud
725 560 883 617 exereitum
899 570 1088 619 excusaturus

95 642 123 698 in
139 640 303 698 contionem
320 648 415 698 vocat.
450 638 502 718 ‘lbi
528 642 655 717 priorem
679 661 711 700 se
727 643 846 719 petitum
867 641 903 700 ab
918 642 1086 702 Alexandro
1097 657 1132 708 ro

94 723 217 796 allegat,
233 721 405 780 necterisse
418 739 462 796 se,
477 722 530 782 sed
542 740 706 801 occupasse
714 726 841 784 insidias.
871 724 982 801 Regem
991 734 1084 784 autem
1097 738 1130 789 ll

85 809 128 863 'se
143 805 332 864 Macedoniae
347 804 395 863 vel
416 808 518 879 aetatis
533 809 738 884 experimentis
755 807 802 866 vel
823 809 918 867 causis
939 808 1088 866 iustiorem

94 905 173 948 esse.
195 887 306 946 Patrem
323 890 397 946 enim
412 906 493 947 suum
505 889 675 968 etPhilippo
690 893 753 966 regi
769 890 1131 967 etAlexandromagn012
1148 931 1151 937 ·

94 973 205 1031 socium
228 971 256 1028 in
278 972 354 1029 omni
375 971 475 1031 militia
494 971 600 1039 iuisse;
625 972 781 1031 liberorum
805 974 909 1034 deinde
924 975 1084 1034 Alexandri
1097 986 1131 1039 13

94 1056 251 1113 ministrum
274 1062 304 1112 et
323 1054 359 1113 ad
383 1055 602 1132 persequendos
627 1054 794 1115 defectores
815 1057 917 1116 ducem
945 1058 1086 1117 extitisse.

97 1135 204 1196 Contra
217 1136 418 1213 Antipatrum,
439 1155 523 1195 avum
538 1137 639 1197 horum
655 1138 896 1216 adulescentium,
914 1142 1085 1200 amariorem
1097 1150 1133 1204 14

94 1237 210 1297 semper
224 1221 381 1278 ministrum
396 1222 479 1296 regni
488 1223 755 1299 quamipsosreges
767 1223 867 1282 luisse.
891 1221 1085 1283 cassandrum
1096 1234 1130 1286 15

93 1320 164 1363 vero
181 1311 309 1380 patrem,
332 1304 523 1362 extinctorem
542 1306 643 1381 regiae
662 1305 779 1380 domus,
803 1296 859 1365 non
881 1307 1007 1382 leminis,
1029 1323 1087 1364 non
1169 1320 1173 1326 ·

93 1387 192 1465 pueris
208 1389 381 1465 pepercisse
407 1404 462 1446 nec
478 1404 629 1462 cessasse,
660 1390 755 1465 quoad
769 1406 881 1449 omnem
905 1391 1025 1472 stirpem
1040 1407 1086 1447 re·

93 1472 160 1546 gius
180 1468 290 1528 subolis
312 1470 435 1529 deleret.
479 1469 587 1529 Horum
609 1473 754 1531 scelerum
775 1473 928 1548 ultionem,
947 1474 1012 1550 quia
1034 1478 1153 1534 ne·16'

71 1569 74 1574 ’
94 1554 204 1630 quisset
215 1552 251 1611 ab
264 1550 503 1630 ipsoCassandro
515 1555 635 1630 exigere
663 1555 699 1614 ad
711 1554 820 1613 liberos
835 1557 898 1614 eius
908 1555 1085 1613 translatam.

95 1634 289 1707 Quamobrem
305 1637 390 1693 etiam
398 1600 833 1714 Philippumntehndrunque,
854 1638 949 1714 siquis
960 1637 1083 1695 manium
1095 1644 1128 1699 17

94 1735 196 1788 sensus
207 1726 262 1792 est,
279 1734 336 1775 non
350 1717 554 1777 interfectores
572 1736 641 1777 suos
659 1737 693 1778 ac
707 1721 805 1797 stirpis
817 1737 896 1794 suae,
910 1720 962 1779 sed
975 1720 1086 1779 ultores

95 1817 194 1860 eorum
209 1800 398 1859 Macedoniae
411 1818 532 1876 reguum
550 1810 652 1860 terrere
667 1803 763 1861 malle.
790 1803 846 1862 Per
862 1802 936 1862 haec
950 1805 1080 1879 mitigato
1096 1813 1130 1864 18

94 1883 204 1961 populo
221 1900 274 1941 rex
289 1881 478 1942 Macedoniae
493 1884 667 1961 appellatur.
691 1884 876 1958 Lysimachus
886 1902 1002 1963 quoque
1018 1903 1082 1944 cum
1095 1894 1143 1952 19,

93 1966 174 2027 bello
189 1965 421 2042 Dromichaetis,
444 1968 522 2043 'regis
540 1966 693 2042 Thracum,
716 1977 907 2046 premeretur,
930 1986 966 2028 ne
982 1969 1087 2029 eodem

80 2059 226 2128 -tempore
242 2050 382 2110 adversus
405 2068 468 2110 eum
484 2051 620 2110 dimicare
638 2069 761 2111 necesse
777 2051 914 2127 haberet,
936 2053 1037 2112 tradita
1059 2052 1088 2110 ei

94 2134 185 2192 altera
203 2142 285 2211 parte
300 2132 503 2212 Macedoniae,
524 2152 598 2211 quae
614 2134 766 2213 Antipatro
782 2152 895 2212 genero
914 2137 975 2195 eius
995 2135 1086 2195 obve-

93 2225 193 2291 nerat,
217 2233 319 2293 pacem
339 2234 401 2275 cum
417 2233 452 2276 eo
470 2217 549 2276 iecit.

157 2297 186 2357 2.
210 2298 300 2376 Igitur
318 2298 482 2359 Demetrius
502 2301 570 2359 totis
592 2301 781 2360 Macedoniae
809 2304 892 2379 regni
913 2301 1021 2361 viribus
1045 2301 1114 2362 int-l

94 2390 219 2442 structus
234 2400 297 2442 cum
316 2382 413 2441 Asiam
429 2400 576 2461 occupare
594 2385 751 2461 statuisset,
773 2386 877 2445 iterato
892 2384 1092 2458 Ptolemaeus,

94 2467 235 2525 Seleucus
253 2475 282 2525 et
296 2465 499 2542 Lysimachus,
523 2468 638 2545 experti
652 2469 752 2545 priore
769 2471 943 2544 certamine,
964 2477 1087 2547 quantae

93 2552 175 2621 vires¹
187 2550 286 2610 essent
304 2551 475 2624 concordia,
495 2559 580 2628 pacta
588 2551 732 2609 societate
746 2551 1086 2629 adunatisque-exerciti·

94 2632 148 2690 bus
179 2631 288 2692 bellum
318 2634 459 2693 adversus
478 2629 656 2692 Demetrium
681 2634 856 2694 transierunt
877 2634 1085 2718 iulduropam.

93 2713 144 2773 llis
167 2716 299 2773 comitem
322 2734 355 2773 se
376 2726 405 2776 et
425 2716 497 2775 belli
520 2719 631 2775 socium
654 2718 745 2793 iungit
771 2715 879 2792 Pyrrus
907 2733 962 2775 rex
994 2715 1117 2792 Epiri,2

94 2813 216 2874 sperans
232 2814 288 2855 non
298 2797 628 2859 difficiliusDemetrium
643 2802 773 2859 amittere
781 2801 980 2861 Macedoniam
998 2796 1087 2873 posse

94 2897 179 2957 quam
198 2879 384 2958 adquisierat.
427 2880 491 2940 Nec
508 2901 577 2959 spes
601 2882 708 2942 frustra
728 2883 796 2943 fuit:
824 2884 932 2960 quippe
953 2879 1116 2941 exercitu3

94 2965 156 3024 eius
173 2973 311 3042 corrupto
326 2965 451 3042 ipsoque
466 2966 494 3023 in
507 2964 604 3042 lugam
622 2976 687 3025 acto
702 2983 821 3043 reguum
833 2962 1022 3023 Macedoniae
1037 2977 1087 3019 oc·

92 3048 218 3125 cuparit.
262 3046 335 3123 Dum
352 3048 426 3107 haec
442 3058 571 3126 aguntur,
584 3049 771 3124 lysimachus
785 3063 924 3126 generum
939 3061 1019 3104 suum
1028 3044 1117 3104 Ant

92 3133 228 3209 tipatrum
253 3149 373 3207 regnum
394 3131 584 3193 Macedoniae
605 3133 768 3209 ademptum
793 3130 848 3189 sibi
870 3128 972 3188 fraude
991 3126 1089 3187 soceri

94 3222 261 3291 querentem
278 3214 410 3275 interficit
440 3216 584 3292 filiamque
599 3234 678 3274 suam
694 3214 875 3289 Eurydicen,
895 3210 1089 3289 querellarum

94 3297 220 3370 sociam,
247 3298 456 3367 incustodiam
476 3299 577 3357 tradit:
601 3307 688 3376 atque
712 3299 749 3357 ita
772 3298 908 3355 universa
932 3292 1088 3353 Cassandri
1101 3301 1119 3352 5

94 3378 195 3437 domus
203 3379 371 3439 Alexandro
380 3398 483 3458 magno
496 3398 549 3440 seu
564 3383 645 3439 necis
660 3382 751 3458 ipsius
765 3399 817 3439 seu
833 3378 931 3456 stirpis
943 3378 1090 3436 extinctae

96 3477 208 3542 poenas
214 3463 317 3543 partim
332 3465 434 3543 caede,
448 3466 551 3543 partim
566 3464 723 3541 supplicio,
739 3463 842 3540 partim
857 3459 1014 3540 parricidio
1027 3458 1089 3518 luit.
