2442 3975
72 156 201 211 XXXVII
218 159 243 211 l.
260 160 278 209 2
407 162 498 215 msc.
514 164 607 211 PHIL.
623 164 717 213 tuctu.
819 216 823 225 ¹

264 462 268 467 -
355 416 582 490 LIBER
623 416 825 491 XXXVII.

140 653 168 708 l.
196 617 297 727 Capto
322 650 488 709 Aristonico
516 648 716 708 Massilienses
738 664 793 726 pro
814 648 1063 723 Phocaeensibus,
1081 661 1111 712 1.

73 733 274 793 conditoribus
288 733 363 807 suis,
385 728 508 810 'quorum
528 732 629 791 urbem
652 740 769 790 senatus
791 740 820 789 et
843 748 928 790 omne
948 747 1064 806 nomen,

74 816 154 893 quod
170 825 199 874 et
213 825 280 874 tunc
295 825 423 887 etantea
437 816 573 875 Antiochi
588 816 669 875 bello
688 814 792 874 infesta
810 824 910 873 contra
927 815 1066 891 populum

73 898 233 959 Romanum
257 915 334 958 arma
357 899 497 974 tulerant,
520 895 612 958 deleri
636 901 776 971 iusserat,
804 896 920 973 legatos
945 895 1065 956 Romam

73 982 264 1060 deprecatum
278 982 384 1040 misere
397 983 568 1058 ueniamque
583 982 628 1040 his
644 1000 660 1040 a
676 989 778 1040 senatu
796 979 959 1044 obtinuere.
995 980 1064 1038 Post
1079 990 1097 1041 2

73 1065 149 1124 haec
173 1064 308 1140 regibus,
337 1065 385 1141 qui
410 1064 550 1124 aduersus
577 1065 771 1125 Aristonicum
799 1063 905 1122 auxilia
929 1063 1067 1136 tulerant,

73 1148 204 1225 praemia
224 1146 389 1223 persoluta:
411 1144 565 1209 Mithridati
583 1147 704 1206 Pontico
729 1147 854 1221 Phrygia
870 1147 977 1220 maior,
999 1146 1065 1205 liliis

73 1229 236 1289 Ariarathis
255 1231 333 1305 regis
355 1228 577 1308 Cappadociae,
606 1231 655 1308 qui
679 1230 782 1289 eodem
803 1228 883 1302 bellq
906 1229 1064 1303 occiderat,

72 1311 218 1386 Lycaonia
238 1322 268 1371 et
292 1310 394 1375 Cilicia
416 1312 510 1372 datae.
554 1313 653 1374 Fidior
682 1323 740 1372 tum
770 1313 896 1391 populus
917 1312 1096 1375 Romanus3

74 1398 103 1454 in
117 1397 190 1455 socii
205 1395 280 1457 lilios
297 1414 380 1473 quam
396 1406 488 1455 mater
512 1397 540 1454 in
554 1396 664 1455 liberos
685 1395 752 1455 luit:
779 1398 887 1473 quippe
908 1395 983 1473 hinc·
999 1412 1064 1472 par·

74 1479 150 1537 vulis
167 1487 281 1538 auctum
295 1496 432 1554 regnum,
449 1479 516 1538 inde
530 1481 587 1538 vita
605 1479 747 1558 adempta.
791 1478 924 1555 Namque
938 1477 1063 1536 Laudice
1077 1488 1094 1538 4

75 1579 114 1619 ex
126 1576 244 1621 numero
257 1579 311 1619 sex
321 1560 459 1635 liliorum,
477 1578 550 1637 quos
566 1562 657 1620 virilis
672 1578 762 1620 sexus
778 1578 816 1618 ex
826 1559 980 1619 Ariarathe
992 1577 1064 1635 rege

74 1652 264 1718 susceperat,
276 1645 383 1721 timens
396 1661 433 1701 ne
445 1660 502 1701 non
517 1644 623 1705 diutina
635 1644 879 1702 administratione
891 1644 974 1718 regni
985 1642 1065 1701 adul-

74 1727 113 1784 tis
130 1724 300 1802 quibusdam
315 1727 471 1803 potiretur,
489 1728 615 1805 quinque
627 1725 793 1803 parricidali
807 1743 921 1785 ueneno
932 1726 1064 1785 necavit:

74 1825 160 1867 unum
175 1808 326 1885 paruulum
343 1807 451 1867 sceleri
470 1810 568 1868 matris
584 1818 773 1885 cognatorum
793 1809 923 1867 custodia
941 1810 1063 1884 eripuit,
1081 1820 1096 1869 5

76 1891 124 1966 qui
147 1900 215 1967 post
234 1908 337 1949 necem
357 1888 498 1950 baudices
524 1892 604 1968 (nam
628 1911 692 1951 eam
716 1901 837 1969 propter
865 1890 1067 1950 crudelitatem

74 1973 202 2052 populus
229 1973 407 2051 extinxerat)
431 1974 511 2034 solus
532 1993 624 2052 regno
653 1976 760 2053 potitus
784 1983 837 2034 est.
883 1971 1096 2036 Mithridatesb

76 2073 193 2135 quoque
208 2058 359 2133 repentina
377 2068 470 2116 morte
485 2059 665 2135 interceptus
681 2058 784 2133 lilium,
807 2059 855 2135 qui
880 2066 910 2115 et
932 2059 996 2133 ipse
1013 2056 1064 2115 bli-

75 2139 215 2200 thridates
227 2141 320 2200 dictus
337 2149 398 2215 est,
415 2141 546 2217 reliquit:
564 2142 645 2200 cuius
658 2160 691 2200 ca
702 2149 804 2217 postea
816 2139 983 2216 magnitudo
999 2139 1061 2213 fuit,
1077 2148 1092 2201 7

76 2231 177 2290 utnon
194 2224 236 2281 sui
251 2232 357 2282 tantum
372 2226 529 2300 temporis,
550 2242 650 2283 uerum
671 2225 757 2282 etiam
779 2224 940 2300 superioris
963 2224 1066 2281 aetatis

77 2322 177 2365 omnes
202 2324 292 2382 reges
321 2307 472 2368 maiestate
500 2308 683 2384 superaverit
704 2306 841 2383 bellaque
870 2323 933 2364 eum
960 2304 1065 2364 Roma·

76 2388 120 2447 nis
139 2407 193 2465 per
222 2388 315 2449 XLVI
346 2406 437 2448 annos
464 2392 543 2449 varia
577 2390 698 2448 victoria
719 2390 874 2466 gesserit,
909 2407 973 2447 cum
1000 2396 1094 2450 eumd

77 2467 175 2531 summi
198 2475 408 2549 imperatores,
430 2473 527 2549 Sylla,
547 2472 684 2531 Lunrllus
707 2474 873 2550 ceterique,
903 2473 932 2531 in
956 2489 1065 2531 summa

76 2550 126 2612 Gn.
149 2553 304 2630 Pompeius
331 2557 372 2614 ita
398 2555 517 2629 vicerit,
541 2562 572 2612 ut
593 2556 686 2613 maior
711 2550 876 2629 clariorque
897 2555 927 2612 in
953 2565 1065 2615 restau-

77 2634 167 2693 rando
183 2635 262 2696 bello
278 2647 447 2713 resurgeret
459 2638 627 2715 damnisque
642 2638 702 2698 suis
713 2637 871 2697 terribilior
882 2638 1064 2698 redderetur.

77 2716 209 2794 Denique
226 2719 262 2778 ad
277 2729 454 2795 postremum
471 2739 529 2780 non
543 2722 571 2778 vi
586 2721 685 2780 hostili
703 2722 811 2795 victus,
830 2722 883 2781 sed
901 2721 1095 2780 voluntaria9

78 2809 171 2859 morte
187 2802 215 2859 in
229 2802 306 2860 avito
323 2819 416 2878 regno
434 2821 526 2862 senex
540 2804 651 2863 herede
667 2805 727 2863 lilio
746 2804 883 2863 decessit.
1012 2813 1015 2819 '

140 2883 168 2941 2.
188 2883 279 2942 Huius
299 2883 420 2944 loturam
436 2887 657 2963 magnitudinem
677 2889 762 2945 etiam
787 2885 927 2943 caelestia
949 2892 1092 2944 ostentat

78 2967 291 3046 praedixerant.
336 2965 408 3027 Nam
424 2978 454 3028 et
468 2987 505 3029 eo
520 2986 577 3047 quo
595 2972 709 3045 genitus
731 2974 869 3028 est⁴anno
890 2975 921 3024 et
942 2982 978 3024 eo
1003 2975 1094 3044 quot

77 3069 202 3127 regnare
221 3052 341 3128 primum
368 3053 467 3129 coepit
491 3054 576 3111 stella
597 3061 727 3111 cometes
745 3070 799 3128 per
819 3058 971 3125 utrumque
993 3058 1064 3108 tcm-

77 3152 131 3212 pus
147 3131 225 3192 LXX
244 3133 345 3213 diebus
360 3135 399 3194 ita
415 3135 503 3206 luxit,
530 3145 560 3194 ut
586 3135 698 3194 caelum
714 3151 797 3193 omne
819 3132 1001 3207 conflagrare
1023 3132 1065 3189 vi·

78 3215 204 3275 deretur.
248 3215 319 3276 Nam
343 3226 372 3276 et
400 3218 594 3294 magnitudine
622 3219 667 3277 sui
696 3225 825 3295 quartam
852 3224 964 3294 partem
991 3214 1099 3279 caelia

78 3307 273 3375 occupauerat
284 3307 313 3357 et
324 3299 441 3376 fulgore
458 3304 501 3359 sui
517 3301 589 3359 solis
604 3301 726 3361 nitorem
737 3302 864 3366 viceram
878 3304 908 3357 et
924 3314 987 3356 cum
999 3314 1065 3357 ore·

78 3389 157 3441 retur
183 3381 444 3461 occumberetque,
475 3383 530 3443 llll
558 3383 695 3451 horarum
723 3382 845 3462 spatium
867 3379 1063 3441 consumebat.
