2442 3975
116 153 157 214 54
500 166 607 215 unoor
623 166 754 214 eoneur
997 161 1051 214 vn
1061 163 1117 217 no

110 318 221 392 Illyriis
242 326 325 396 pacta
344 321 482 380 mercede
503 329 533 380 et
553 319 686 397 Philippo
702 320 797 381 iratre
819 321 888 381 dato
911 322 1013 382 obside
1031 324 1116 383 rede·

88 404 174 464 imit.
205 400 363 461 Interiectu
385 420 501 482 qnoque
522 412 654 480 tempore
679 422 732 481 per
757 404 879 464 eundem
898 405 1030 465 obsidem
1052 404 1117 466 cum

116 484 261 544 Thebanis
277 487 399 563 gratiam
414 488 496 564 pacis
509 486 697 546 reconciliat:
719 505 794 565 qnae
810 506 859 547 res
875 487 1011 567 Philippo
1027 490 1116 549 maxi·

87 578 159 631 3ma
179 569 355 628 incrementa
364 571 510 646 ‚egregiae
528 569 634 628 indolis
653 569 748 630 dedit:
776 571 918 648 siquidem
938 571 1047 632 Thebis
1067 574 1117 631 tri·

117 653 201 710 ennio
219 650 307 711 obses
326 651 440 711 habitus
455 655 546 731 prima
562 653 705 731 pueritiae
725 653 884 714 rudimenta
900 656 928 713 in
943 654 1015 714 urbe
1032 673 1115 729 seve·
1160 710 1172 725 ,

114 736 206 794 ritatis
227 736 361 812 antiquae
379 744 408 794 et
433 738 466 811 in·
485 736 576 796 domo
592 735 827 813 Epaminondae,
852 739 952 813 summi
975 747 1004 811 et
1022 738 1115 815 philo·

91 814 203 896 lsophi
218 824 247 875 et
268 819 469 895 imperatoris,
494 819 639 897 deposuit.
674 823 737 879 Neo
754 821 843 880 multo
866 830 933 898 post
949 820 1117 881 Alexander

82 912 105 980 ‚5
117 901 227 960 insidiis
245 898 408 975 Eurydices
430 904 529 962 matris
557 902 700 979 adpetitus
726 902 889 978 occumbit,
911 907 957 964 cni
977 906 1117 978 Amyntas

115 983 280 1042 inscelere
299 983 501 1062 deprehensae
525 980 646 1064 propter
664 986 976 1062 communesliberos,
992 989 1121 1063 ignarus,

88 1064 226 1134 peisdem
242 1069 416 1146 quandoque
433 1070 585 1128 exitiosam
603 1069 686 1142 iore,
709 1079 896 1147 pepercerat.
925 1069 1029 1130 Frater
1044 1086 1115 1147 quo·

89 1159 176 1228 tque
192 1151 255 1209 eius
271 1149 411 1210 Perdicca
427 1153 489 1229 pari
505 1152 672 1211 insidiarum
683 1152 785 1212 lraude
799 1152 952 1230 decipitur..
969 1151 1119 1227 indignum

116 1249 237 1310 prorsus
256 1232 382 1291 libidinis
400 1252 487 1293 causa
508 1234 618 1293 liberos
639 1243 764 1292 amatre
788 1236 845 1293 vita
863 1236 1010 1311 privatos,
1023 1251 1118 1309 quam
1201 1234 1215 1247 “

111 1314 261 1373 'scelerum
275 1331 393 1373 suorum
415 1316 566 1394 suppliciis
587 1315 743 1374 liberorum
770 1317 974 1395 contemplatio
990 1316 1117 1375 vindica-

88 1406 208 1461 flverat.
245 1396 404 1456 Perdiccae
425 1399 483 1458 hoc
504 1398 647 1474 indignior
670 1398 779 1457 caedes
802 1399 969 1472 videbatur,
991 1398 1068 1477 quod
1091 1400 1119 1459 ei

111 1472 192 1557 'apud
208 1488 327 1540 matrem
342 1478 570 1540 misericordiam
587 1499 624 1539 ne
643 1481 780 1558 paruulus
798 1482 913 1561 quidem
927 1481 1002 1542 lilius
1019 1485 1116 1542 conci·

87 1562 247 1628 libaverat.
281 1563 381 1641 ltaque
399 1564 549 1642 Philippus
573 1564 620 1623 diu
642 1580 699 1623 non
715 1558 833 1641 regem,
856 1566 910 1626 sed
925 1574 1049 1626 tutorem
1058 1554 1117 1643 'pu-

75 1657 109 1709 lo
117 1645 179 1788 pilli
198 1647 267 1722 egit.
299 1651 337 1705 At
357 1647 406 1717 ubi
420 1650 557 1724 graviora
577 1646 657 1706 bella
678 1647 854 1709 inminebant
868 1667 1023 1728 serumque
1039 1648 1117 1707 anxi·

128 1729 185 1787 ium
215 1731 243 1786 in
271 1732 475 1806 expectatione
506 1731 621 1789 infantis
653 1739 731 1806 erat,
768 1732 927 1810 conpulsus
956 1751 973 1793 a
1007 1730 1117 1810 populo

116 1814 237 1889 regnum
255 1815 394 1889 suscepit.
467 1824 469 1827 ’
576 1840 580 1847 ·

92 1890 120 1958 1'
182 1896 210 1956 6.
233 1894 270 1954 Ut
284 1905 328 1954 est
344 1898 494 1972 ingressus
509 1896 677 1974 imperium,
704 1915 806 1974 magna
821 1899 858 1957 de
877 1898 927 1957 illo
944 1916 1014 1974 spes
1028 1895 1118 1954 omni·

116 1976 170 2038 bus
185 1978 238 2038 fuit
254 1989 283 2039 et
298 1990 419 2058 propter
439 1981 529 2058 ipsius
550 1981 715 2057 ingenium,
739 1982 816 2060 qnod
838 1999 969 2058 magnum
990 1978 1116 2059 sponde·

91 2061 167 2124 ibat
185 2064 289 2138 virum,
309 2071 342 2142 et
354 2072 475 2142 propter
491 2072 593 2123 vetera
608 2064 796 2124 Macedoniae
811 2064 869 2124 fata
880 2085 893 2136 ³,
911 2081 985 2142 quae
1002 2064 1117 2123 oeoine·

116 2154 195 2226 rant,
221 2163 276 2204 uno
306 2164 343 2205 ex
363 2146 505 2220 Amyntae
532 2147 597 2205 liliis
622 2156 763 2223 regnante
793 2147 1026 2207 florentissimum
1051 2147 1117 2204 iore

116 2227 305 2287 Macedoniae
331 2237 450 2289 statum:
478 2231 524 2289 cui
547 2230 611 2307 spei
639 2229 737 2289 scelus
758 2232 857 2290 matris
880 2230 955 2289 bunc
970 2229 1117 2289 residuum

90 2310 238 2376 3feoerat.
272 2311 416 2390 Principio
432 2331 544 2388 rernm,
569 2313 715 2372 cumhinc
735 2314 842 2373 caedes
865 2314 984 2372 fratrum
1000 2312 1116 2385 indigne

117 2402 350 2471 peremptorum,
376 2396 442 2455 inde
456 2396 581 2472 hostium
595 2396 761 2464 multitu'do;
790 2396 857 2455 hinc
878 2395 1042 2454 insidiarum
1057 2410 1116 2451 me·

117 2484 180 2552 tus,
202 2476 268 2536 inde
289 2475 386 2556 iuopia
407 2480 532 2538 continui
551 2478 623 2537 belli
645 2487 675 2537 et
695 2479 827 2538 exhausti
852 2478 935 2553 regni
950 2478 1117 2535 inmaturam

88 2568 241 2623 laetatem
264 2562 365 2620 tironis
381 2568 555 2634 arguerent:
573 2560 667 2635 bella,
693 2578 767 2638 quae
792 2559 875 2619 velut
901 2559 1140 2638 conspiratione

116 2644 237 2720 quadam
259 2644 295 2704 ad
314 2646 531 2722 opprimendam
553 2643 752 2704 Macedoniam
772 2643 922 2703 multarum
936 2639 1065 2720 gentium
1081 2658 1133 2711 ex.

67 2749 78 2770 ·
115 2726 239 2786 diversis
266 2727 340 2787 locis
361 2745 417 2787 nno
442 2737 574 2806 tempore
597 2726 798 2800 confluebant,
818 2728 960 2805 ,quoniam
986 2725 1118 2786 omnibns

89 2823 170 2886 bpar
198 2828 265 2870 esse
293 2827 350 2870 non
376 2820 508 2889 poterat,
538 2811 731 2887 dispensanda
754 2819 833 2869 ratus
867 2804 923 2869 alia
949 2809 1119 2887 interposita

116 2896 251 2971 pactione
282 2897 444 2973 componit,
480 2894 536 2953 alia
563 2893 679 2953 redimit
709 2893 853 2953 facillimis
880 2893 1042 2971 quibusque
1069 2889 1117 2949 ad·

65 3018 68 3024 -
115 2979 245 3053 gressis,
268 2994 389 3055 qnorum
403 2978 525 3046 victoria
543 2984 572 3035 et
586 2975 704 3035 militum
719 2973 850 3051 trepidos
867 2979 977 3034 animos
992 2974 1118 3032 firmaret

89 3068 148 3123 oet
163 3069 358 3140 contemptum
375 3061 430 3120 sibi
446 3059 570 3139 hostium
585 3058 724 3118 demeret.
753 3058 874 3118 Primum
890 3056 932 3116 illi
949 3074 1012 3127 cum
1027 3053 1117 3129 Athe·

115 3144 262 3202 niensibus
279 3154 424 3204 certamen
441 3143 510 3202 fnit:
531 3140 636 3221 quibus
651 3160 705 3220 per
719 3141 837 3202 iusidias
855 3140 939 3200 victis
957 3146 1035 3200 metu
1046 3135 1117 3195 belli

114 3227 276 3301 gravioris,
310 3245 374 3287 cum
400 3226 565 3287 interlucere
590 3242 690 3284 omnes
718 3232 837 3302 posset,
868 3223 1028 3283 incolumes
1055 3220 1117 3278 sine

61 3361 65 3368 .
85 3314 107 3369 i
118 3310 213 3384 pretio
228 3307 343 3369 dimisit.
378 3309 446 3370 Post
460 3311 515 3370 hos
531 3308 611 3367 bello
626 3310 655 3366 in
671 3307 789 3381 Illyrios
804 3306 943 3367 translato
961 3305 1049 3365 multa
1066 3302 1116 3362 mi·

115 3389 154 3447 lia
182 3390 306 3450 hostium
333 3393 447 3453 caedit:
478 3392 579 3451 urbem
607 3390 817 3451 nobilissimam
836 3389 982 3450 Larissam
1013 3386 1115 3468 [cupit.
