2442 3975
380 282 382 287 ·
436 255 566 335 romeus
586 215 694 305 unoor
979 239 1041 303 229

67 403 165 490 lippus
187 429 253 472 oum
265 404 372 486 lllpriis
393 419 422 470 et
436 409 578 470 Dardanis
592 376 621 469 ei
636 426 734 469 rursus
748 382 863 469 Aetolis
877 407 957 469 bello
972 426 1041 468 con-

67 493 460 640 {rtpglspsbglsltupldiuvantibus
479 494 603 596 Aetolos
618 492 770 554 Romanis:
788 509 844 571 quo
857 492 935 553 linito
950 493 1042 552 intulit

241 733 245 739 ·
353 690 541 789 ¹cuonoons
554 686 652 773 nuum
666 725 750 774 m.

111 829 454 914 'Pricesimovolumine
478 830 659 903 continentur
679 828 762 890 haec.
788 826 835 896 ‚Ui
848 836 960 889 mortuo
975 827 1041 887 Pto·

67 915 180 975 lemaeo
202 914 359 993 Tryphone
379 914 454 974 lilius
476 916 539 975 eius
561 914 730 991 Philopator
751 909 924 972 Antiochum
942 929 1042 989 regem

12 1018 15 1019 ⁷
67 999 135 1061 vicii
149 997 294 1077 Raphiae,
317 999 383 1077 ipse
403 1015 506 1059 umore
521 997 896 1076 Agathocleaeoorrupius
916 994 1043 1055 decessit

65 1082 170 1152 relicto
185 1082 245 1142 lilio
261 1081 432 1161 pupss10,in
446 1099 531 1160 quem
547 1101 610 1142 cum
625 1080 760 1159 Philippo
770 1098 843 1157 rege
853 1079 1044 1140 Macedonum

67 1167 214 1225 consensis
233 1165 403 1225 Antiochus.
445 1165 569 1244 Philippi
593 1156 695 1225 deinde
713 1171 799 1241 gesta
817 1165 847 1222 in
867 1163 955 1243 Asia,
980 1179 1044 1222 cum

41 1284 45 1289 =
65 1246 204 1309 movisset
219 1248 318 1308 Attalo
334 1248 426 1310 bella:
442 1267 459 1309 a
474 1249 577 1328 quibus
592 1253 728 1325 revolsus
744 1247 852 1307 bellum
869 1243 967 1306 habuit
980 1263 1044 1305 cum

66 1331 186 1393 ducibus
203 1332 340 1393 Romanis
357 1333 487 1412 Sulpicio
503 1342 533 1393 ei
549 1331 724 1392 Flaminino:
741 1343 798 1409 quo
814 1330 859 1390 bis
874 1332 951 1390 victo
974 1347 1041 1409 pax.

66 1415 214 1476 Transitus
235 1415 338 1476 deinde
362 1416 398 1476 ad
418 1416 467 1476 r'es
485 1417 636 1493 Antiochi,
649 1413 706 1494 'qui
724 1425 922 1493 postregnum
937 1430 1043 1491 accep·

65 1507 124 1559 inm
139 1505 308 1578 persecutus
319 1500 486 1561 defectores
497 1502 526 1560 in
536 1499 631 1560 bledia
642 1499 797 1575 blolonem,
808 1499 837 1557 in
849 1497 918 1557 Asia
928 1496 1042 1556 Achae·
1060 1532 1063 1537 >
1090 1570 1092 1575 ι

58 1589 129 1659 dmg
152 1589 236 1661 quein
257 1582 540 1667 obsculisnrdibu's,
557 1592 660 1662 pacata
677 1583 830 1661 superiora
845 1580 918 1647 Asia
933 1579 1043 1640 Bactris

65 1674 149 1745 tenus
164 1663 282 1725 inbelle
295 1663 424 1725 Romana
439 1667 599 1727 descendit.
928 1678 936 1693 ·
1117 1676 1119 1679 ·

300 1774 305 1802 ²
347 1811 529 1862 reonooos
546 1812 643 1871 cmm
656 1811 755 1860 xxm.
815 1819 820 1826 ·

51 1916 58 1926 ’
127 1915 192 1981 Uno
220 1923 249 1984 ei
269 1917 413 1977 tricesimo
434 1917 578 1977 volumine
599 1919 780 1977 continentur
800 1916 883 1977 haec.
919 1915 1040 1992 bellum,

57 2001 145 2081 *quod
166 2018 229 2060 cum
248 2000 476 2063 Lacedaemonio
490 2000 602 2062 Nabide
618 2001 698 2062 'litus
712 2000 884 2061 Flamininus
903 2010 932 2062 ei
947 2000 1042 2061 Philo-

67 2103 192 2165 poemen
217 2084 273 2144 dux
294 2085 476 2147 Achaeorum
496 2086 596 2163 gessii.
636 2086 709 2146 Item
730 2084 853 2163 bellum,
880 2084 959 2164 quod
980 2101 1044 2144 cum

67 2168 211 2239 Antiocho
232 2170 260 2228 in
275 2168 384 2230 Achaia
406 2188 461 2248 per
477 2168 602 2229 Acilium
622 2169 789 2247 consulem,
812 2179 840 2229 et
862 2170 891 2229 in
903 2167 975 2229 Asia
990 2184 1045 2244 per

67 2252 233 2329 Scipionem
247 2262 432 2331 gestume'si,
446 2254 594 2331 Poenique
610 2252 759 2313 Annibalis
769 2253 804 2314 ad
815 2271 916 2330 regem
925 2249 961 2312 ab
973 2247 1042 2311 (iar-

66 2334 182 2412 ihagine
197 2336 275 2414 fuga.
304 2335 415 2396 Bellum
431 2356 494 2397 cum
510 2336 624 2415 Aetolis
639 2345 752 2414 gestum
767 2355 821 2417 per
836 2336 958 2397 eundem
971 2333 1038 2415 Aoi·

66 2418 152 2496 lium,
170 2420 218 2498 qui
234 2420 406 2481 Antiochum
423 2420 544 2494 Graecia
561 2417 722 2500 expuleras.

341 2533 523 2616 ruouoous
539 2568 636 2616 numer
652 2567 765 2615 xxxlr.

63 2732 66 2739 ,
130 2669 265 2729 Secundo
286 2668 315 2730 cl
336 2670 481 2730 tricesimo
503 2657 649 2728 volumine
665 2670 851 2729 continentur
867 2668 951 2730 haec.
984 2668 1041 2728 De·
1152 2683 1159 2740 j

38 2806 42 2812 .
66 2748 216 2824 iectio‘ab
237 2745 364 2813 Achaeis
384 2741 676 2813 Lacedaemoniorum
697 2762 727 2812 ei
740 2745 967 2829 Messeniorum,
988 2769 1044 2830 qua

66 2829 274 2916 Philopoemen
295 2836 410 2895 interiit.
447 2827 640 2896 Romanorum
656 2837 684 2894 in
698 2836 769 2897 Asia
785 2836 857 2897 duce
874 2835 980 2896 blanlio
995 2834 1043 2895 ad·

66 2929 171 2980 versus
193 2920 293 2994 Gallos
314 2918 430 2978 bellum.
467 2916 557 2996 Regis
578 2919 702 2999 Philippi
721 2929 844 3012 propter
861 2918 973 3000 ablatas
991 2915 1045 2977 sibi
1144 2956 1154 2992 3

40 3006 44 3014 '
66 3004 201 3063 civitates
215 3004 354 3064 alienatus
372 3004 400 3061 in
416 3001 561 3062 Romanos
576 3005 695 3077 animus,
714 3012 744 3063 ei
759 3003 797 3062 ob
814 3000 871 3062 hoc
887 3002 961 3061 alter
971 3001 1044 3061 lilio·
1159 3072 1161 3074 ¹

63 3105 127 3147 rum
144 3087 309 3147 Demetrius
325 3087 451 3162 occisus,
469 3087 662 3165 concitatique
679 3086 715 3147 ab
731 3085 933 3147 eoBasiamae
950 3094 1044 3144 trans·

64 3171 108 3230 ire
133 3172 228 3230 conati
250 3171 279 3228 in
293 3169 412 3230 ltaliam.
429 3167 513 3231 «lude
528 3168 557 3229 iu
577 3188 702 3230 excessu
718 3169 813 3231 diotae
827 3167 1042 3243 reslllyricae:

65 3263 97 3314 ui
113 3251 202 3332 Galli,
221 3254 268 3330 qui
284 3262 459 3332 occuparant
475 3252 638 3331 illyricum,
660 3271 759 3314 rursus
773 3253 919 3314 redierunt
933 3254 963 3311 in
978 3249 1044 3310 Gal-

64 3336 150 3397 liam:
167 3338 353 3413 originesque
368 3336 575 3397 Pannoniornm
593 3347 623 3398 ec
639 3338 814 3397 incrementa
825 3336 980 3398 Deciorum
991 3352 1045 3413 per
1068 3410 1072 3418 ι

64 3419 248 3482 Burobusten
261 3436 374 3497 regem.
411 3419 443 3480 ln
457 3420 526 3482 Asia
541 3421 649 3481 bellum
665 3438 681 3480 a
698 3439 770 3497 rege
786 3418 915 3480 Eumene
931 3427 1044 3497 gestum

64 3504 205 3566 adversus
217 3502 338 3566 Gallium
347 3501 560 3583 Ortiagoniem,
576 3504 755 3565 Pharnacem
765 3504 915 3565 Ponticum
931 3510 963 3564 ei
975 3501 1044 3562 Pru·
1157 3577 1160 3584 ,
