2442 3975
69 250 72 254 .
109 183 191 236 tna
447 187 539 237 nisa.
557 188 651 236 eam.
667 189 759 236 uera.
1094 179 1115 239 7

109 354 142 405 ot
159 344 352 422 expositionis
372 352 504 421 tempora
530 350 560 400 et
585 344 711 419 pastoris
737 341 886 402 contencio
914 344 1113 420 consentirent,

73 421 78 426 ’
109 437 247 507 nepotem
260 429 389 503 agnovit.
433 425 471 485 Et
485 426 620 505 quoniam
633 424 787 485 defunctus
803 424 859 484 sibi
872 427 984 485 somnio
998 426 1111 485 videre·
1127 439 1145 491 5

108 522 156 573 tur
171 513 280 587 agitato
297 512 372 570 inter
388 519 522 588 pastores
540 525 646 586 regno,
662 510 784 569 animum
805 511 946 568 minacem
968 508 1113 570 dumtaxat

110 599 140 654 in
157 594 208 653 illo
223 594 322 670 fregit.
366 592 503 653 Ceteram
513 592 651 669 Harpago
668 594 760 652 amico
776 609 829 651 suo
846 592 967 651 inlectus
983 593 1012 653 in
1027 592 1110 652 ultio·
1128 604 1145 658 6

110 696 177 738 nem
193 678 300 736 servati
318 678 434 755 nepotis
450 675 538 736 lilium
553 676 778 735 eius‘interiecit
792 674 1023 754 epulandumque
1038 678 1113 754 patri

109 760 235 821 tradidit.
281 759 340 819 Sed
354 760 508 838 Harpagus
523 758 558 819 ad
574 776 716 837 praesens
731 768 844 837 tempus
859 757 1038 819 dissimulato
1060 759 1110 817 do·
1127 768 1143 823 7

110 846 176 904 lore
191 844 287 904 odium
303 844 384 920 regis
399 845 427 901 in
444 842 589 902 vindictae
602 844 790 902 occasionem
804 841 923 901 distulit.
953 841 1144 904 Interieclolt

110 927 214 988 deinde
231 937 364 1004 tempore
384 945 447 985 cum
463 926 642 986 adolevisset
661 923 771 1001 Cyrus,
797 925 900 985 dolore
915 925 1048 986 orbitatis
1064 924 1111 985 ad·

110 1013 234 1070 monitus
249 1009 350 1070 scribit
365 1012 409 1086 ei,
430 1019 460 1069 ut
483 1009 636 1086 ablegatus
658 1009 694 1069 ab
712 1027 767 1069 avo
785 1010 814 1068 in
832 1008 938 1070 Persas
957 1010 1058 1078 luerim
1082 1017 1113 1067 ut

110 1095 207 1154 occidi
219 1112 283 1153 eum
296 1093 447 1171 parvulum
459 1111 529 1153 avus
548 1095 680 1161 iusserit;
701 1101 732 1150 ut
748 1092 893 1151 beneficio
913 1110 966 1154 suo
980 1100 1111 1153 servatus

110 1181 162 1245 sit;
182 1186 211 1236 ut
222 1194 323 1253 regem
342 1177 510 1244 offenderim
528 1185 558 1235 ut
576 1176 664 1235 lilium
675 1178 812 1236 amiserit.
845 1176 983 1235 Hortatur
999 1176 1111 1235 exerci·
1126 1185 1144 1240 9

12 1301 16 1310 ·
111 1272 167 1322 tum
186 1270 270 1339 paret
286 1269 316 1319 et
335 1263 455 1338 probam
475 1259 510 1320 ad
522 1277 643 1335 regnum
661 1261 736 1320 viam
747 1259 939 1336 ingrediatur,
962 1257 1110 1319 bledorum

109 1345 306 1405 transitionem
324 1343 482 1422 pollicitus.
524 1342 658 1421 Epistula
675 1344 742 1421 quia
758 1344 851 1422 palam
872 1344 943 1403 lerri
963 1341 1108 1421 nequibat,
1120 1354 1156 1406 10

67 1438 75 1454 ‘
109 1430 189 1503 regis
213 1426 381 1486 custodibus
406 1444 506 1486 omnes
527 1426 620 1486 aditus
643 1426 854 1503 obsidentibus,
884 1429 1047 1486 exinterato
1068 1426 1109 1484 le·

109 1513 175 1590 pori
195 1511 331 1569 inseritur
353 1510 495 1589 lepusque
518 1512 547 1568 in
567 1509 673 1570 Persas
695 1509 773 1586 Cyro
790 1509 928 1570 ferendus
946 1510 1002 1569 fido
1021 1526 1109 1567 servo

108 1594 244 1661 traditan
262 1593 356 1654 addita
370 1595 462 1669 retia,
481 1602 511 1651 ut
527 1592 580 1651 sub
595 1596 697 1671 specie
710 1596 858 1653 venatoris
874 1592 959 1652 dolus
974 1592 1088 1651 lateret.

173 1678 202 1738 6.
231 1677 328 1736 Lectis
349 1676 400 1735 ille
421 1676 553 1755 epistulis
570 1676 671 1735 eadem
686 1679 797 1735 somnio
811 1677 935 1752 adgredi
946 1679 1042 1737 iussus
1055 1683 1109 1751 est,
1126 1686 1141 1738 l

109 1760 162 1820 sed
179 1754 386 1839 praemonitus,
401 1768 430 1818 ut
445 1776 531 1836 quem
549 1760 668 1837 primurn
685 1768 804 1837 postera
818 1760 865 1818 die
883 1760 999 1819 obvium
1022 1757 1109 1817 habu·

109 1847 191 1918 isset,
207 1844 318 1902 socium
334 1844 448 1920 coeptis
463 1841 639 1901 adsumeret.
683 1841 774 1918 lgitur
789 1842 961 1901 antelucano
976 1851 1109 1918 tempore
1125 1850 1142 1902 2

108 1929 167 1987 ruri
182 1929 239 1985 iter
254 1929 405 2004 ingressus
423 1925 538 1985 obvium
554 1924 653 1984 babuit
668 1943 782 1983 servum
799 1925 834 1984 de
851 1925 1000 2002 ergastulo
1017 1926 1109 1982 cuius·

108 2013 172 2071 dam
185 2009 273 2086 bledi,
293 2013 406 2070 nomine
422 2009 583 2069 Soebaren.
621 2010 718 2069 <Huius
738 2010 876 2093 requisita
896 2010 1010 2085 origine
1032 2017 1061 2066 ut
1082 2008 1142 2070 in3

108 2095 208 2155 Persis
223 2096 351 2168 genitum
364 2093 480 2170 audivit,
497 2093 621 2172 demptis
638 2092 818 2172 conpedibus
834 2091 1045 2171 adsumptoque
1061 2109 1109 2150 co·

108 2180 178 2236 mite
203 2175 384 2252 Persepolim
413 2176 609 2252 regreditur.{
631 2176 675 2237 lbi
704 2185 867 2236 convocato
892 2175 1002 2254 populo
1031 2173 1143 2235 iubete

109 2276 211 2318 omnes
234 2266 353 2335 praesto
376 2276 438 2317 cum
460 2260 613 2320 securibus
636 2279 703 2320 esse
726 2269 755 2319 et
777 2258 879 2319 silvam
900 2261 965 2319 viae
989 2259 1108 2317 circum·

108 2344 203 2404 datam
226 2340 375 2400 excidere.
416 2342 501 2416 Quod
521 2361 583 2401 cum
601 2354 718 2404 strenue
734 2344 889 2419 iecissent,
906 2342 1024 2403 eosdem
1039 2353 1141 2420 pos-5

35 2498 38 2502 ι
107 2423 171 2485 tera
195 2424 241 2483 die
262 2425 407 2502 apparatis
429 2425 523 2504 epulis
542 2427 657 2496 invitam
687 2428 754 2487 dein
773 2444 837 2485 cum
860 2426 1018 2486 alacriores
1039 2426 1142 2505 ipsoti

108 2510 246 2569 convivio
262 2508 357 2567 laotos
379 2509 508 2585 videret,
532 2519 633 2586 rugat:
653 2513 678 2570 si
702 2510 835 2570 condicio
859 2519 995 2590 ponatur,
1018 2510 1110 2568 utrius

107 2595 185 2651 vitae
201 2600 311 2650 sortem
327 2592 445 2668 legant,
469 2593 597 2652 hesterni
616 2594 724 2653 laboris
744 2612 778 2653 an
797 2596 991 2673 praesentium
1009 2593 1108 2672 epula·

107 2673 190 2735 rum?
213 2674 410 2735 Praesentium
429 2686 458 2735 ut
475 2676 677 2736 adclamavere
692 2694 809 2753 omnes,
828 2679 866 2736 ait
880 2677 1018 2738 hesterno
1030 2676 1108 2734 simi·

108 2760 166 2818 lem
182 2758 277 2817 labori
293 2774 406 2818 omnem
427 2760 513 2819 vitam
534 2770 667 2837 acturos,
692 2761 788 2839 quoad
804 2760 897 2821 lllcdis
914 2766 1050 2839 pareant:
1074 2775 1108 2816 se

107 2850 239 2917 secutos,
261 2840 411 2902 hodiernis
421 2843 525 2919 epulis.
559 2843 655 2903 Laetis
671 2844 819 2920 omnibus,
836 2843 943 2903 bellum
958 2840 1051 2902 bledis
1067 2842 1106 2898 in·
1122 2850 1139 2905 l

106 2927 173 2984 lert.
207 2926 355 3001 Astyages
370 2927 464 2984 meriti
481 2929 525 2988 sui
548 2928 576 2986 in
592 2927 730 3005 Harpago
752 2928 858 2994 oblitus
878 2943 1015 2986 summam
1037 2922 1142 2987 belli8

107 3007 201 3067 eidem
217 3010 382 3069 committit:
408 3011 459 3087 qui
479 3012 639 3071 exercitum
660 3021 813 3090 acceptum
833 3011 928 3069 statim
952 3006 1030 3082 Cyro
1053 3017 1140 3085 pera

105 3091 281 3151 deditionem
297 3092 413 3152 tradidit
429 3096 566 3172 regisque
584 3094 782 3154 crudelitatem
798 3091 919 3173 perfidia
933 3090 1107 3151 delectionis

105 3175 266 3234 ulciscitur.
311 3176 395 3249 Quod
417 3176 466 3236 ubi
484 3179 632 3255 Astyages
654 3178 778 3255 audivit,
798 3176 958 3238 contractis
979 3174 1104 3251 undique
1116 3184 1152 3236 10

104 3258 220 3318 auxiliis
237 3260 303 3336 ipse
320 3261 348 3318 in
364 3260 470 3321 Persas
484 3263 695 3340 proficiscitur:
719 3270 748 3320 et
762 3262 888 3339 repetito
903 3258 1028 3319 alacrius
1044 3274 1106 3316 cer·

104 3343 210 3401 tamine
228 3343 423 3420 pugnantibus
437 3346 498 3404 suis
513 3354 625 3424 partem
640 3346 787 3403 exercitus
809 3344 846 3403 de
865 3352 951 3420 tergo
974 3342 1056 3421 ponit
1078 3348 1108 3399 et

103 3425 337 3502 tergiversantes
355 3427 435 3486 ferro
460 3430 507 3505 agi
529 3428 558 3487 in
578 3425 681 3487 lrostes
703 3426 783 3487 iubet
808 3443 843 3487 ac
864 3426 1011 3499 denuntiat
1037 3426 1106 3502 suia,
1117 3435 1148 3486 11
