2442 3975
516 188 624 244 raoar
638 188 770 256 aournr
962 179 1066 233 xxxlr
1082 183 1109 235 1.
1129 184 1150 233 a

402 440 644 515 LIBER
677 441 843 515 XXXII.

117 581 136 655 '1
211 592 238 650 1.
261 557 381 668 Aetoii,
405 594 453 669 qui
474 591 649 650 Antiochum
670 593 698 649 in
719 590 797 651 bella
817 561 945 651 Romana
967 590 1143 668 inpulerant,

148 678 227 734 victo
248 675 353 734 eodem
376 676 432 735 soli
459 675 599 735 adversus
623 674 769 735 Romanos
790 684 820 734 et
843 676 953 735 viribus
975 677 1093 751 inpares
1113 682 1143 732 et

120 770 137 821 2
149 760 224 818 omni
240 758 347 818 anxilio
360 758 488 818 destituti
499 768 713 818 remanserunt:
727 776 783 817 nec
793 759 882 817 multo
894 768 962 837 post
973 759 1042 817 vieti
1054 756 1141 817 liber·

147 852 253 919 tatem,
270 860 354 919 qnam
369 842 517 902 inlibatam
530 843 671 902 adversus
687 842 910 902 dominationem
923 842 1143 902 Atheniensium

152 935 181 985 et
196 928 403 1004 Spartanorum
424 927 499 986 inter
514 934 557 985 tot
573 924 715 986 Graeciae
735 927 869 986 civitates
885 928 941 986 soli
956 929 1144 999 retinuerant,

119 1012 315 1073 3amiserunt.
331 1007 429 1081 'Quae
447 1009 579 1069 condicio
594 1018 674 1069 tanto
687 1011 816 1069 amarior
826 1010 903 1086 iilis,
923 1019 1031 1087 quanto
1049 1010 1145 1067 serior

150 1093 220 1170 luit,
237 1094 438 1170 reputantibus
454 1102 592 1172 tempora·
604 1094 671 1169 illa,
689 1095 793 1171 quibus
809 1097 894 1153 tantis
912 1094 1063 1156 Persarum
1080 1093 1145 1169 opi·

149 1177 204 1235 bus
219 1176 387 1237 domesticis
401 1177 517 1258 ,viribus
541 1178 716 1252 restiterunt,
738 1178 842 1256 quibus
860 1178 1008 1238 Gallorum
1030 1175 1144 1234 violen-

149 1262 216 1318 tiam
239 1259 328 1318 Asiae
350 1259 510 1337 Italiaeque
531 1261 692 1320 terribilem
713 1260 859 1339 Delphico
881 1261 961 1320 bello
983 1260 1145 1334 fregerint:

150 1359 225 1420 qnae
240 1343 371 1418 gloriosa
383 1343 550 1403 recordatio
563 1341 661 1424 mains‘
669 1345 843 1404 desiderium
855 1344 995 1403 libertatis
1004 1342 1145 1418 augebat.

119 1436 139 1488 4
213 1424 288 1483 Dum
306 1426 381 1486 haec
401 1437 539 1503 aguntur,
562 1427 659 1486 medio
680 1437 813 1506 tempore
834 1430 907 1488 inter
926 1426 1094 1486 Messenios
1116 1434 1146 1485 et

150 1509 288 1568 Achaeos
305 1509 341 1568 de
363 1512 526 1589 principatu
544 1513 637 1588 primo
654 1512 902 1586 dissensio‚'mox
920 1511 1030 1570 bellam
1050 1519 1144 1568 ortum

119 1605 137 1656 5
151 1601 206 1652 est.
229 1592 269 1651 'ln
285 1611 323 1652 ec
339 1593 445 1652 nobilis
461 1594 646 1653 Achaeorum
663 1596 821 1673 imperator
838 1596 1047 1673 Philopoemen
1064 1595 1143 1671 capi·

149 1686 209 1751 tar,
233 1695 289 1736 non
305 1679 372 1754 qaia
389 1677 544 1756 pugnando
560 1679 637 1737 vitae
654 1681 839 1760 pepercerit,
856 1679 926 1753 sed,
943 1679 1009 1737 dum
1031 1695 1098 1736 suos
1115 1678 1144 1734 in

149 1760 292 1836 proelium
318 1770 456 1835 revocat,
485 1763 513 1819 in
534 1764 653 1821 transitu
677 1763 776 1823 iossae
798 1780 875 1840 equo
899 1763 1143 1840 praecipitatura

119 1843 326 1907 dmultitudiue
342 1845 465 1904 hostium
481 1863 645 1923 oppressus
662 1856 715 1905 est.
740 1845 834 1919 Quem
848 1846 986 1905 Messenii
1002 1848 1145 1904 iacentem

150 1946 203 1986 seu
225 1936 303 1986 metu
320 1929 433 1987 virtutis
451 1946 504 1989 seu
527 1929 707 1990 verecundia
729 1930 875 2007 dignitatis
895 1929 1063 1989 interlicere
1080 1928 1143 1986 ausi

121 2013 351 2075 recaluerunt.
382 2011 484 2090 ltaque
505 2014 622 2072 velutin
638 2015 691 2074 illo
707 2032 791 2074 omne
808 2015 917 2074 bellum
934 2014 1144 2087 coniecissent,

150 2097 295 2172 captivum
307 2114 361 2173 per
372 2098 536 2156 universam
549 2098 693 2157 civitatem
706 2090 733 2156 in
746 2098 861 2157 modum
872 2098 1007 2175 triumphi
1023 2098 1144 2155 circum-

150 2177 293 2238 duxerunt
308 2180 402 2238 eliuso
415 2178 530 2239 obviam
543 2183 671 2259 popule,
687 2199 722 2241 ac
737 2184 761 2240 si
780 2200 867 2259 snus,
881 2200 939 2241 non
953 2182 1078 2240 hostium
1093 2180 1144 2236 im-

120 2272 270 2340 8perat0r
285 2262 470 2337 adventaret,
492 2281 549 2322 nec
569 2267 711 2324 victorem
732 2265 844 2324 Achaei
865 2266 976 2326 avidius
991 2264 1144 2338 vidissent,

151 2363 235 2421 qoam
257 2348 363 2404 victum
386 2347 488 2411 hostes
510 2348 651 2408 viderunt.
691 2348 781 2424 igitur
805 2350 926 2408 eundem
951 2351 978 2407 in
1000 2348 1145 2407 theatrum

151 2428 215 2486 duci
233 2430 394 2504 iusserunt,
413 2440 443 2489 ut
460 2448 560 2490 omnes
579 2442 800 2509 contuerentur,
824 2431 907 2510 quem
924 2433 1056 2510 potuisse
1079 2431 1145 2506 capi

120 2511 321 2574 9incredihile
337 2514 458 2589 singulis
472 2514 634 2575 videbatur.
662 2514 732 2574 lnde
748 2517 776 2574 in
792 2533 942 2575 carcerem
957 2515 1044 2575 ducto
1058 2532 1144 2572 vere·

150 2594 254 2654 cundia
275 2597 476 2693 magnitudinis
495 2598 557 2655 eius
578 2616 721 2658 venenum
740 2598 881 2658 dederunt
888 2599 993 2676 ,quod
1014 2598 1065 2657 ille
1083 2597 1144 2655 lae·

150 2686 212 2752 tus,
226 2696 295 2738 acsi
307 2681 428 2739 vicisset
436 2682 573 2758 acceprt
585 2684 718 2760 quaesito
731 2701 827 2762 prins
840 2702 875 2741 an
888 2683 1044 2757 Lycortas
1058 2698 1144 2758 prae·

150 2762 245 2821 iectus
261 2761 462 2838 Achaeorum,
482 2782 567 2842 quem
583 2766 742 2826 secundnm
766 2785 781 2825 a
799 2785 831 2824 sc
847 2784 915 2824 esse
931 2766 1052 2825 scientia
1069 2763 1142 2822 mili·

150 2847 204 2905 tari
216 2846 345 2921 sciebat,
361 2847 514 2907 incolumis
526 2849 687 2927 effugisset
717 2850 809 2923 Quem
823 2859 853 2908 nt
865 2851 981 2948 accepit
999 2849 1143 2920 evasisse,

107 2941 142 2993 10
153 2947 211 2989 nou
227 2932 255 2989 in
269 2939 360 2989 totum
375 2932 475 2990 dicens
492 2932 567 2991 male
584 2934 744 3008 eonsultum
760 2934 888 2992 Achaeis
905 2934 1059 3011 expiravit.
1080 2929 1144 2989 Nec

149 3014 238 3073 multo
254 3024 322 3092 post
339 3024 476 3092 reparato
493 3014 573 3075 bello
591 3017 730 3077 Messenii
746 3019 897 3078 vincuntur
912 3033 1085 3095 poenasque
1101 3013 1142 3072 iu-

150 3098 269 3157 terfecti
284 3098 520 3176 Philopoemenis
538 3102 750 3178 pependerant.

122 3192 138 3243 1
215 3180 245 3239 2.
271 3181 418 3242 Interea
409 3201 438 3240 m
460 3184 544 3257 Syria
565 3202 620 3243 rex
641 3184 820 3259 Antiochus,
844 3202 908 3243 cum
929 3185 1013 3262 gravi
1035 3180 1142 3241 tributo

151 3265 231 3341 pacis
248 3283 263 3323 a
280 3264 419 3326 Romanis
434 3268 528 3325 victus
547 3278 685 3326 oneratus
701 3278 797 3343 esset,
817 3286 869 3327 seu
886 3269 983 3346 inopia
1000 3266 1141 3345 pecuniae

150 3348 307 3423 conpulsus
333 3367 386 3408 seu
412 3350 532 3408 avaritia
559 3350 749 3425 sollicitatus,
779 3353 827 3429 qni
858 3350 995 3429 sperabat
1023 3368 1056 3408 se
1088 3347 1141 3406 sub

150 3430 253 3502 specie
266 3429 435 3491 tributariae
451 3435 638 3494 necessitatis
654 3434 819 3493 excusatius
835 3435 992 3510 sacrilegia
1008 3432 1142 3493 commis-
