2442 3975
135 156 196 218 142
504 157 754 216 unoereonem
969 157 1059 211 xxiv
1069 162 1126 213 aa

132 322 239 401 ubique
257 322 426 400 hostiasque
439 321 569 399 disponi:
593 321 669 379 lilios
685 335 801 397 quoque
818 334 906 394 suos,
922 318 1125 393 Lysimachum

132 407 262 466 sedecim
282 423 373 464 annos
389 414 501 480 natum,
523 402 686 481 Philippum
700 402 823 461 triennio
838 403 996 477 minorem,
1017 411 1123 462 utrum·

106 501 193 567 oque
212 490 304 553 iorma
319 489 476 563 insignem,
494 495 651 546 coronatos
667 503 824 545 occurrere
840 483 929 543 iubet.
954 485 1041 557 ,Quos
1056 486 1123 545 Pto·

134 573 264 631 lemaeus
287 571 322 631 ad
339 570 488 630 celandam
503 568 634 629 fraudem
652 569 756 647 cupide
773 577 801 627 et
816 568 1020 636 ultramodum
1035 586 1124 628 verae

105 665 121 720 7
135 653 307 715 adiectionis
323 653 474 731 amplexus
493 652 602 711 osculis
618 653 667 712 diu
677 652 787 729 fatigat.
811 651 868 711 Ubi
880 652 915 711 ad
928 660 1040 729 portam
1053 670 1123 711 ven·

132 748 190 797 tum
209 746 270 812 est,
293 738 432 814 occupari
447 754 544 796 arcem
560 735 657 811 iubet,
681 752 790 813 pueros
806 736 939 794 interfici.
985 733 1042 806 Qui
1059 753 1124 794 curn

131 821 167 882 ad
188 829 308 879 matrem
329 814 545 896 confugissent,
573 819 601 876 in
621 820 733 894 gremio
756 819 818 877 eius
839 820 914 877 inter
934 820 998 895 ipsa
1021 819 1124 878 oscula

104 903 324 975 8trucidautur,
352 903 550 981 proclamante
573 901 716 977 Arsinoe,
740 902 817 979 quod
837 911 944 962 tantum
965 900 1048 960 neias
1075 911 1124 960 aut

131 986 267 1057 nubendo
290 995 337 1046 aut
361 995 429 1064 post
449 987 564 1064 nuptias
589 985 791 1044 contraxisset.
826 984 882 1045 Pro
899 985 965 1043 liliis
981 1001 1072 1063 saepe
1089 1002 1122 1044 se

130 1069 354 1148 percussoribus
370 1069 483 1144 obtulit,
499 1064 671 1147 'frequenter
685 1086 811 1146 corpore
825 1085 878 1125 suo
889 1085 1044 1146 puerorum
1058 1085 1122 1127 cor·

131 1170 204 1231 pora
226 1154 391 1231 amplexata
413 1153 540 1230 protexit
554 1152 733 1228 vulneraque
750 1152 905 1228 excipere,
929 1169 1003 1229 quae
1015 1150 1123 1210 liberis

103 1236 369 1311 blotandebantur,
385 1236 484 1295 voluit.
519 1233 565 1294 Ad
580 1244 758 1312 postremum
775 1236 860 1294 etiam
875 1236 999 1312 spoliata
1013 1233 1121 1294 iuueri-

130 1319 184 1378 bus
211 1319 335 1378 liliorum
361 1320 454 1379 scissa
481 1327 563 1378 veste
587 1328 616 1377 et
638 1319 764 1382 crinibus
785 1318 896 1396 sparsis
918 1336 982 1378 cum
1008 1316 1121 1378 duobus

130 1401 255 1462 servulis
280 1421 318 1461 ex
340 1401 412 1462 urbe
432 1411 580 1481 protracta
604 1401 831 1461 Samothraciam
851 1403 878 1460 in
901 1402 1018 1461 exilium
1040 1401 1121 1475 abiit,

87 1497 171 1549 loeo
194 1486 344 1561 miserior,
367 1485 444 1564 quod
466 1487 538 1545 mori
560 1486 587 1544 ei
610 1503 674 1543 cum
697 1485 765 1545 liliis
788 1502 845 1544 nou
860 1485 950 1545 licuit.
985 1484 1044 1545 Sed
1066 1502 1122 1544 nec

130 1569 300 1629 Ptolemaeo
322 1569 411 1629 inulta
433 1568 548 1629 scelera
572 1568 702 1628 fuerunt:
727 1569 836 1647 quippe
858 1568 901 1628 dis
923 1568 1121 1628 inmortalibus

128 1662 172 1712 tot
195 1654 321 1731 periuria
348 1662 377 1712 et
401 1662 459 1712 tam
486 1661 604 1712 cruenta
630 1651 784 1730 parricidia
805 1651 1016 1712 vindicantibus
1038 1651 1121 1711 brevi

129 1744 198 1814 post
226 1753 242 1793 a
265 1735 355 1795 Gallis
384 1735 525 1814 spoliatus
554 1753 647 1812 regno
675 1737 944 1815 captusque-vitam
964 1736 1061 1811 ierro,
1090 1743 1121 1792 ut

129 1827 291 1893 meruerat,
309 1820 412 1879 amisit.
690 1869 692 1874 .

101 1913 116 1963 1
192 1904 222 1962 4.
252 1900 383 1979 Namque
405 1902 479 1962 Galli
502 1901 657 1962 abundanti
677 1903 873 1977 multitudine,
898 1920 961 1963 cum
987 1918 1040 1961 eos
1063 1918 1122 1962 non

129 1994 270 2064 caperent
290 1995 387 2046 terrae
413 2004 487 2064 quae
508 1996 685 2065 genuerant,
714 1984 789 2046 GGG
812 1985 889 2046 milia
911 1986 1055 2045 bominum
1084 1984 1122 2045 ad

102 2070 218 2130 asedec
232 2086 323 2128 novas
339 2069 521 2147 quaerendas
536 2068 617 2130 velut
631 2089 683 2130 ver
701 2088 815 2130 sacrum
830 2070 976 2129 miserunt.
1013 2067 1060 2128 Ex
1074 2068 1122 2127 bis

128 2153 226 2230 portio
248 2153 276 2211 in
290 2150 373 2212 ltalia
396 2154 545 2227 consedit,
569 2171 644 2232 quae
668 2163 698 2213 et
716 2154 817 2214 urbem
834 2153 991 2213 Romanam
1007 2161 1121 2230 captam

103 2235 278 2303 uincendit3
314 2245 344 2295 et
372 2238 469 2314 portio
494 2235 630 2310 Illyricos
659 2238 738 2296 sinus
764 2238 885 2297 ducibus
911 2237 1013 2297 avibus
1039 2237 1122 2315 (nam

128 2319 287 2395 augurandi
304 2318 398 2378 studio
415 2318 490 2379 Galli
513 2329 633 2398 praeter
655 2330 772 2381 ceteros
790 2321 913 2398 callent)
935 2335 989 2399 per
1005 2329 1121 2395 strages

100 2400 316 2464 abarbarorum
331 2404 496 2481 penetravit
509 2412 538 2462 et
552 2405 581 2463 in
592 2402 737 2464 Pannonia
750 2404 896 2464 consedit:
916 2422 990 2481 gens
1002 2419 1120 2481 aspera,

127 2482 236 2560 audax,
261 2485 424 2561 bellicosa,
447 2504 522 2565 quae
543 2488 635 2564 prima
659 2497 727 2566 post
746 2487 918 2562 Herculem,
946 2488 992 2547 cui
1015 2504 1051 2547 ea
1071 2504 1121 2545 res

128 2568 241 2626 virtutis
263 2568 480 2628 admirationem
501 2579 531 2629 et
552 2570 764 2639 inmortalitatis
784 2571 869 2630 fidem
885 2571 980 2646 dedit,
1003 2570 1121 2646 Alpium

70 2676 74 2685 ·
100 2662 116 2713 5
129 2651 234 2727 invicta
250 2652 315 2727 iuga
332 2662 359 2712 et
373 2651 485 2728 frigore
499 2653 692 2732 intraclabilia
707 2654 772 2714 loca
787 2655 975 2714 transcendit.
1009 2653 1057 2713 lbi
1068 2652 1120 2711 do-

126 2734 202 2793 mitis
223 2735 378 2795 Pannoniis
399 2753 454 2813 per
474 2735 580 2796 multos
600 2753 692 2796 annos
711 2755 775 2797 cnm
794 2732 919 2797 finitimis
938 2738 1019 2797 varia
1039 2735 1121 2795 bella

99 2827 293 2894 ogessemnt
328 2817 468 2879 Hortante
488 2820 593 2880 deiude
616 2838 756 2880 successu
779 2822 878 2881 divisis
893 2819 1121 2898 agminibus-alii

127 2900 295 2977 Graeciam,
319 2902 366 2961 alii
381 2901 581 2963 Macedoniam
605 2905 698 2963 omnia
714 2905 795 2965 ierro
810 2913 1031 2983 prosternentes
1045 2903 1119 2981 peti·

99 2992 216 3060 ivero,
248 2994 402 3063 tantusque
417 2995 513 3046 terror
528 2986 631 3047 Gallici
647 2989 768 3047 nominis
784 2998 862 3064 erat,
880 2997 911 3047 ut
927 2990 1013 3048 etiam
1028 3004 1119 3063 reges

99 3077 118 3131 8
129 3082 187 3127 nou
200 3068 329 3129 lacessiti
341 3070 416 3130 ultro
428 3088 531 3147 pacem
543 3071 652 3148 ingenti
664 3073 786 3149 pecunia
798 3081 1007 3132 mercarentur.
1029 3069 1123 3130 Solus

125 3168 180 3209 rex
202 3149 392 3213 Macedoniae
413 3154 597 3214 Ptolemaeus
619 3150 770 3215 adventum
788 3155 934 3216 Gallorum
956 3153 1119 3231 intrepidus

127 3234 235 3293 audivit
254 3236 348 3312 iisque
370 3254 433 3296 cum
453 3239 555 3314 paucis
576 3248 606 3297 et
622 3241 840 3318 incompositis,
868 3239 950 3316 quasi
965 3237 1044 3298 bella
1059 3253 1119 3296 non

126 3315 272 3377 difficilius
287 3336 371 3395 quarn
387 3321 501 3380 scelera
517 3329 714 3398 patrarentur,
730 3323 950 3401 parricidiorum
964 3322 1044 3382 furiis
1056 3323 1118 3397 agi-

97 3404 201 3458 9tatus
221 3402 357 3460 occurrit.
395 3402 593 3463 Dardanorum
621 3422 739 3482 quoque
760 3405 938 3481 legationem
961 3403 1018 3465 XX
1039 3404 1119 3465 milia
