2442 3975
127 224 169 288 78
497 238 604 287 unoor
619 237 750 287 sonem
874 231 1118 310 x115.x111.2

85 398 243 455 15secutus
260 399 305 450 est
323 403 487 469 corpusque
496 392 590 467 ‘regio
612 408 694 450 more
711 392 831 470 sepeliri
851 401 880 451 at
894 394 1032 470 reliquias
1057 394 1119 453 eius

102 495 103 498 ¹
128 476 265 541 maiorum
280 475 395 534 tumulis
410 475 509 533 inferri
525 476 616 533 iussit.

515 714 728 721 ——-—.--—

435 913 672 992 'LIBER
722 917 810 990 XII.

110 1163 123 1212 1
198 1151 223 1207 l.
247 1115 419 1208 Alexander
448 1151 485 1208 in·
507 1149 711 1228 persequendo
740 1149 837 1211 Dareo
867 1151 987 1210 amissos
1015 1152 1120 1211 milites

129 1233 240 1309 magnis
261 1231 389 1289 funerum
411 1232 539 1309 inpensis
563 1233 680 1307 extulit,
702 1233 822 1312 reliquis
845 1234 1037 1311 expeditionis
1059 1236 1120 1293 eius

101 1315 217 1376 bsociis
234 1312 372 1372 tredecim
391 1313 468 1371 milia
484 1314 618 1373 talentum
634 1315 738 1374 divisit.
774 1315 920 1393 Equorum
941 1318 1031 1375 maior
1048 1319 1121 1393 ‘pars

102 1405 211 1460 3aestu
230 1396 349 1468 amissa,
372 1395 487 1453 inutiles
503 1397 585 1454 etiam
607 1399 655 1473 qui
673 1398 875 1475 superfuerant
890 1398 968 1461 lacti.
997 1397 1121 1458 Pecunia

132 1480 237 1551 omnis,
256 1485 367 1535 centum
384 1478 536 1553 nonaginta
551 1479 628 1538 milia
643 1480 797 1555 talentum,
814 1479 963 1539 Ecbatana
981 1491 1121 1558 congesta

131 1564 216 1638 eique
235 1559 384 1620 Parmenio
400 1562 593 1639 praepositus.

102 1654 119 1705 4
193 1643 265 1702 Dum
278 1643 350 1703 haec
362 1652 499 1719 aguntur,
516 1645 658 1723 epistulae
671 1644 813 1723 Antipatri
830 1645 1000 1706 Macedonia
1014 1647 1041 1704 ei
1056 1645 1120 1720 red-

131 1727 248 1799 duntur,
265 1726 368 1804 quibus
384 1727 491 1785 bellum
507 1727 631 1804 Agidis,
648 1729 726 1804 regis
743 1730 966 1806 Spartanorum,
988 1731 1015 1787 in
1034 1728 1120 1787 Grae-

133 1810 192 1877 oia;
208 1808 315 1867 bellum
335 1809 510 1884 Alexandri,
526 1811 605 1887 regis
618 1809 716 1889 Epiri,
732 1814 759 1870 in
775 1811 871 1878 ltalia;
903 1812 1010 1872 bellum
1026 1810 1120 1888 Zopy-

103 1893 236 1970 5rionis,
254 1892 395 1971 praelecti
412 1894 474 1951 eius
488 1894 516 1951 in
528 1889 661 1968 Scythia,
678 1893 887 1954 continebatur.
916 1894 1026 1967 Quibus
1042 1895 1121 1952 varie

132 1976 263 2036 adiectus
277 1976 343 2053 plus
357 1984 451 2059 tamen
467 1976 594 2036 laetitiae
610 1978 732 2054 cognitis
744 1978 884 2037 mortibus
897 1975 1014 2036 duorum
1026 1971 1121 2034 aemu-

31 2096 37 2107 ·
132 2059 224 2118 lorum
244 2076 345 2134 regum
364 2076 447 2136 quam
462 2060 572 2119 doloris
595 2061 692 2119 amissi
714 2079 777 2119 oum
795 2060 959 2138 Zopyrione
975 2061 1122 2117 exercitus

103 2143 219 2218 eoepit.
253 2140 382 2218 Namque
397 2148 464 2219 post
488 2143 699 2219 profectionem
714 2142 872 2203 Alexandri
887 2142 1007 2201 Graecia
1031 2143 1125 2201 lerme'

133 2227 224 2283 omnis
239 2225 267 2282 in
285 2226 468 2283 ocoasionem
483 2227 692 2303 reciperandae
709 2226 849 2285 libertatis
860 2226 897 2285 ad
909 2243 985 2284 arma
1002 2243 1121 2284 concur·

103 2315 225 2380 trerat,
241 2308 437 2366 auctoritatem
452 2307 744 2370 Lacedaemoniorum
762 2319 877 2369 secuta:
907 2303 1032 2387 Philippi
1053 2307 1121 2367 Ale-

131 2389 290 2466 xandrique
324 2399 353 2449 et
380 2408 480 2468 pacem
507 2392 563 2450 soli
593 2401 765 2470 spreverant
788 2400 817 2451 et
837 2393 921 2468 leges
941 2399 1122 2469 respuerant.

104 2471 197 2535 8an
213 2472 294 2531 huius
311 2472 381 2532 belli
397 2474 469 2548 Agis
485 2491 538 2532 rex
553 2473 846 2534 lacedaemoniorum
869 2476 935 2534 luit:
964 2493 1048 2553 quem
1062 2490 1122 2532 mo-

132 2565 190 2615 tum
212 2556 362 2633 Antipater
391 2558 545 2616 contractis
566 2558 701 2617 militibus
727 2559 755 2616 in
783 2559 847 2635 ipso
874 2567 938 2617 ortu
965 2557 1122 2637 oppressit.

100 2638 122 2713 ,l
133 2638 236 2715 llagna
250 2647 344 2698 tamen
359 2640 499 2716 utrimque
512 2640 618 2700 caedes
633 2640 694 2699 fuit.
727 2638 798 2715 Agis
811 2658 864 2699 rex
883 2659 947 2699 cum
959 2658 1028 2699 suos
1040 2650 1124 2716 terga

131 2723 230 2781 dantes
246 2722 374 2797 videret,
389 2721 512 2781 dimissis
530 2722 718 2798 satellitibus,
736 2731 767 2781 ut
786 2722 954 2783 Alexandro
973 2723 1123 2798 felicitate,

131 2822 187 2864 non
202 2806 306 2863 virtute
322 2803 441 2863 inferior
451 2805 614 2881 videretur,
630 2815 735 2865 tantam
747 2815 873 2882 stragem
884 2807 1008 2866 hostium
1023 2806 1123 2880 edidit,

90 2896 161 2952 11ut
175 2888 286 2964 agmina
298 2886 436 2946 interdum
448 2886 570 2965 fugaret.
588 2889 635 2948 Ad
649 2898 835 2966 postremum,
851 2891 906 2949 etsi
918 2908 934 2948 a
946 2888 1124 2948 multitudine

130 2972 239 3046 rictus,
255 2970 349 3047 gloria
367 2979 461 3030 tamen
479 2986 578 3030 omnes
593 2972 671 3030 vicit.

106 3067 121 3118 l
197 3056 225 3115 2.
246 3053 336 3113 Porro
354 3052 522 3114 Alexander
537 3073 590 3113 rex
605 3053 696 3132 Epiri,
711 3055 739 3113 in
755 3053 863 3114 italiam
876 3051 978 3112 auxilia
994 3049 1124 3110 'larenti-

131 3138 174 3197 nis
195 3138 335 3197 adversus
358 3135 483 3197 Bruttios
505 3137 728 3216 deprecantibus
751 3132 939 3211 sollicitatus,
958 3135 997 3194 ita
1019 3132 1125 3211 cupide

132 3221 282 3299 proiectus
295 3220 399 3295 iuerat,
415 3221 504 3280 veluti
520 3223 547 3280 in
560 3222 700 3280 divisione
713 3221 792 3280 orbis
804 3230 944 3279 terrarum
955 3216 1124 3277 Alexandro

133 3301 310 3382 Olympiadis
322 3305 432 3363 sororis
448 3321 516 3363 suae
529 3304 588 3362 lilio
606 3307 718 3379 oriens,
735 3304 789 3364 sibi
805 3304 944 3363 occidens
960 3310 1039 3360 sorte
1056 3317 1124 3360 oon-

104 3386 262 3461 btiglsset,
277 3403 334 3445 noa
351 3388 489 3445 minorem
503 3394 597 3446 rerum
613 3390 759 3447 materiam
772 3388 801 3445 in
817 3386 914 3461 ltalia,
937 3384 1037 3444 Africa
1052 3383 1125 3443 Sici-

103 3466 245 3544 dliaqoe,
265 3485 348 3544 quam
362 3468 412 3527 ille
434 3470 463 3527 in
479 3469 549 3529 Asia
565 3479 594 3529 et
608 3473 636 3529 iu
651 3469 747 3529 Persis
770 3469 928 3529 habiturus.
960 3464 1023 3527 lluc
1039 3483 1125 3527 acce-

1073 3560 1080 3585 Ι
