2442 3975
53 220 192 276 nis-⁷.
396 228 489 277 mer.
505 227 707 276 auruncus.
1014 214 1055 276 63

55 385 130 442 niara
156 381 247 441 veluti
273 398 359 440 urum
382 390 524 441 senatum,
546 397 584 439 ex
601 378 733 440 omnibus
753 379 835 457 lapit.
851 453 861 463 ‚
878 378 940 438 Soli
966 378 1088 443 Lace-tt

54 465 199 526 daemonii
216 471 247 524 et
262 481 365 541 regern
380 473 410 522 et
424 464 510 539 leges
529 470 782 540 contempserunt,
807 463 990 537 servitutem,
1000 481 1058 523 non

54 566 157 627 pacem
181 548 253 621 rati,
272 564 355 626 ‚quae
380 562 439 605 nou
464 547 536 623 ipsis
562 545 736 606 civitatibus·
752 548 939 619 conveniret,
965 545 1058 606 seda

54 633 168 691 victore
197 630 332 689 ferretur.
365 628 481 689 Auxilia
503 629 609 690 deinde
631 628 806 704 singularum
829 627 985 687 civitatium
1008 629 1088 690 dea
1201 631 1205 638 '

55 714 237 786 scribuntur,
264 713 326 771 eive
342 711 518 772 adiuvandus
535 729 571 772 ea
582 729 669 787 manu
684 729 738 771 rex
752 718 941 789 oppugnante
960 710 1058 788 aliquo

54 798 133 857 loret
148 813 201 855 seu
216 795 291 855 duce
306 795 358 855 illo
374 795 484 855 bellum
501 795 691 855 inferendum.
730 793 834 872 Neque
850 794 925 854 euim
944 793 1088 856 dubiumr>

55 888 121 940 erat
135 879 284 956 imperium
299 876 451 938 Persarum
466 879 511 939 bis
533 876 721 957 apparatibus
739 880 808 955 peti.
848 877 962 937 Summa
979 879 1057 937 auxi·
1070 885 1088 939 6

54 963 160 1022 liorum
179 958 227 1020 GC
241 960 317 1018 milia
333 960 461 1038 peditum
476 961 559 1020 luere
579 970 609 1021 et
629 962 762 1038 equitum
771 959 826 1020 XV
845 960 931 1020 milia.
967 958 1086 1021 Extra?

53 1045 132 1105 hanc
148 1059 285 1102 summam
299 1052 329 1102 et
343 1042 534 1104 Macedoniae
553 1044 702 1103 exercitus
717 1053 799 1103 erant
820 1053 848 1103 et
869 1043 990 1103 confinis
1007 1044 1058 1105 do·

54 1130 186 1187 unitarum
201 1127 329 1203 gentium
340 1126 491 1186 barbaria.
543 1126 627 1187 lnitio
640 1128 719 1186 reris
733 1135 795 1186 tres
811 1128 901 1187 duces
919 1128 947 1186 in
960 1126 1091 1188 Asiam&

55 1211 209 1271 Persarum
224 1210 294 1269 iuris
308 1211 482 1287 praemittit,
511 1209 745 1285 Parmenionem,
766 1210 918 1285 Amyntam
934 1219 964 1268 et
978 1210 1058 1269 Atta·

56 1294 132 1366 lum,
160 1293 241 1375 cuias
257 1309 390 1353 sororem
410 1311 504 1370 nuper
526 1294 650 1372 expulsa
669 1292 829 1354 Alexandri
843 1302 936 1353 matre
960 1291 1090 1369 Olym-9

56 1376 144 1454 piade
160 1384 283 1454 propter
303 1375 396 1453 stupri
419 1377 608 1454 suspitionem
626 1377 655 1434 in
668 1378 876 1437 matrimonium
892 1386 1058 1455 receperat.

122 1461 150 1519 6.
171 1457 303 1534 luterea,
326 1460 392 1518 dum
405 1459 512 1520 auxilia
527 1478 543 1518 a
560 1459 683 1520 Graecia
700 1468 822 1535 coeunt,
839 1461 954 1537 nuptias
971 1459 1086 1520 Cleo-1

56 1551 158 1619 patrae
174 1542 251 1602 liliae
266 1551 296 1601 et
312 1542 487 1617 Alexandri,
516 1561 600 1622 quem
617 1561 718 1618 regem
734 1543 816 1621 Epiri
831 1544 960 1617 iecerat,
981 1543 1059 1602 cele·

56 1625 130 1683 brat.
162 1623 233 1683 Dies
250 1634 313 1686 erat
336 1642 391 1703 pro
412 1626 608 1702 magnitudine
631 1627 751 1686 duorum
772 1643 890 1701 regum,
915 1634 945 1685 et
961 1626 1090 1686 conlo-a

27 1760 31 1767 .
58 1708 149 1766 cantis
165 1707 252 1767 filiam
273 1717 303 1766 et
321 1726 443 1768 uxorem
465 1710 613 1783 ducentis,
634 1708 822 1788 apparatibus
836 1710 967 1786 insignis.
1001 1707 1091 1769 Sada

57 1807 114 1849 neo
134 1789 265 1850 ludorum
286 1793 497 1867 magnificentia
513 1791 629 1852 deerat:
661 1793 697 1852 ad
719 1808 840 1869 quorum
861 1792 1060 1870 spectaculum

57 1872 297 1951 Philippuscum
323 1875 386 1934 siue
410 1875 579 1935 custodibus
605 1876 741 1953 corporis
760 1875 871 1936 medius
888 1876 963 1935 inter
986 1875 1060 1934 duos

57 1956 259 2031 Alexandros,
290 1956 379 2017 lilium
410 1975 626 2038 generumque,
657 1958 863 2034 contenderet,
890 1958 1089 2034 Pausanias,4

57 2040 163 2100 nobilis
177 2059 215 2100 ex
237 2041 445 2101 Macedonibus
467 2043 659 2118 adulescens,
685 2043 790 2103 nemini
812 2052 984 2121 suspectus,
1010 2060 1060 2103 oc·

58 2125 171 2200 cupatis
193 2126 335 2200 angustiis
365 2124 527 2205 Pbilippum
554 2126 582 2183 in
613 2127 732 2187 transitu
753 2126 905 2186 obtruncat
925 2126 1060 2204 diemque

58 2208 186 2266 laetitiae
208 2208 381 2267 destinatum
402 2209 520 2270 foedum
542 2210 620 2269 luctu
643 2210 753 2269 funeris
774 2210 853 2270 lacit.
887 2208 940 2268 llic
964 2209 1091 2286 primis5

58 2290 221 2367 pubertatis
237 2293 319 2350 annis
338 2300 468 2369 stuprum
488 2311 542 2370 per
556 2294 687 2352 iniuriam
707 2310 811 2370 passus
833 2292 869 2351 ab
883 2291 982 2351 Attalo
998 2292 1060 2351 lue·
1093 2341 1096 2346 r

58 2456 230 2533 perductum
251 2459 280 2517 iu
301 2459 462 2519 convivium
482 2459 665 2537 solutumque
681 2476 762 2518 mero
778 2458 893 2518 Attalus
918 2475 976 2518 non
990 2476 1062 2519 suae

58 2548 181 2613 tantum,
208 2559 307 2601 verum
324 2551 354 2602 et
375 2544 563 2602 convivarum
584 2541 695 2602 libidini
715 2542 795 2602 velut
816 2550 979 2603 scortorum
999 2543 1062 2603 iure

59 2620 224 2682 subiecerat
246 2623 459 2702 ludibriumque
482 2626 607 2684 omnium
628 2627 703 2685 iuter
722 2625 866 2703 aequales
883 2627 1062 2688 reddiderat.

27 2767 30 2772 ,
57 2704 138 2763 llanc
152 2722 215 2763 reru
227 2723 318 2780 aegre
334 2708 434 2767 ferens
456 2708 612 2770 Pausanias
634 2709 793 2787 querellam
814 2708 948 2787 Philippo
967 2715 1089 2786 erepet

58 2786 213 2846 detulerat.
247 2785 318 2846 Cum
331 2790 419 2847 variis
443 2791 678 2852 frustrationibus
696 2809 754 2852 nou
772 2794 835 2851 sine
854 2795 915 2851 risu
930 2791 1093 2853 differre-8

57 2878 105 2928 tur
120 2877 150 2927 et
165 2868 335 2929 honoratum
351 2872 470 2950 insuper
483 2874 588 2935 ducatu
607 2876 805 2936 adversarium
824 2875 1062 2946 cerneret,·iram

21 2967 25 2974 ’
58 2953 86 3010 in
102 2953 195 3029 ipsum
215 2952 378 3032 Philippum
392 2958 477 3016 vertit
497 2957 709 3037 ultionemque,
738 2976 822 3037 quam
839 2955 874 3016 ab
891 2955 1062 3015 adversario
1183 3009 1185 3020 .

57 3053 115 3096 non
131 3044 263 3112 poterat,
287 3037 324 3097 ab
338 3039 438 3116 iniquo
455 3040 552 3101 iudice
567 3044 677 3119 exegit.

119 3120 147 3176 7.
173 3118 321 3181 Creditum
343 3131 389 3182 est
416 3125 501 3184 etiam
527 3125 682 3185 immissum
702 3124 738 3184 ab
769 3119 940 3200 Olympiade
967 3130 1086 3186 matrel

58 3198 218 3262 Alexandri
240 3203 348 3280 luisse,
383 3224 439 3266 neo
455 3209 548 3286 ipsum
564 3208 762 3268 Alexandrum
777 3208 907 3284 ignarum
922 3214 1061 3284 paternae

58 3283 157 3343 caedis
177 3286 325 3347 extitisse:
355 3291 465 3368 quippe
492 3307 550 3372 nou
570 3292 662 3350 minus
684 3289 883 3368 Olympiadem
906 3289 1093 3367 repudians

58 3374 88 3423 ct
109 3367 268 3444 praelatam
291 3370 346 3429 sibi
368 3369 555 3451 Cleopatram
572 3383 806 3452 quamstuprum
826 3372 1079 3432 Passenianum·

55 3447 157 3511 luisse.
190 3450 389 3515 Alexandrum
410 3473 527 3533 quoque
548 3457 632 3531 regni
652 3450 793 3516 aemulum
807 3457 926 3516 fratrem
948 3474 985 3517 ex
1007 3468 1090 3520 no·3
1197 3539 1200 3542 Ι
