2442 3975
147 214 189 281 28
381 229 383 235 ¹
522 230 776 281 ucocrrouenr
944 228 1149 288 111s1n1.r

106 396 141 450 19
149 404 213 447 nem
232 386 355 446 futuram
369 388 485 466 pietatis
503 384 674 447 documenta
686 386 890 466 prodiderunt:
910 389 1018 467 quippe
1037 396 1148 468 patrem

83 498 85 503 v
149 469 188 528 ob
202 472 310 530 crimen
323 470 473 548 peculatus
489 471 517 529 in
535 489 685 530 carcerem
698 473 858 531 coniectum
871 470 968 549 ibique
982 471 1148 535 defunctum

104 554 293 616 ‘butranslatis
309 555 338 611 in
356 573 388 612 se
406 554 529 613 vinculis
547 555 582 614 ad
602 555 779 632 sepulturam
791 554 919 614 redemit.
952 554 1015 615 Nec
1027 556 1054 614 in
1067 555 1147 615 bello

148 637 281 696 iudicium
294 636 480 714 deligentium
492 637 613 712 lelellit,
636 638 775 715 siquidem
794 655 851 696 non
866 638 986 697 inferior
997 638 1148 699 virtutibus

148 722 239 798 patris
250 719 386 796 Xerxen,
406 723 537 780 terrestri
549 721 703 799 navalique
714 720 794 781 bello
807 731 989 800 superatum,
1007 722 1148 801 trepidum

148 805 285 882 recipere
297 822 330 863 se
342 807 370 862 in
382 821 502 881 regnum
515 805 624 881 coegit.

540 1037 750 1045 ————-

502 1209 710 1281 LIBER
740 1209 810 1282 ΙΙΙ.

122 1410 135 1460 l
209 1393 235 1448 l.
258 1354 401 1465 Xerxes,
414 1409 467 1449 rex
479 1391 648 1470 Persarum,
668 1401 766 1451 terror
782 1401 866 1451 antea
878 1395 1015 1470 gentium,
1027 1393 1107 1454 bello
1119 1394 1147 1452 in

152 1474 302 1534 Graeciam
313 1473 468 1533 infeliciter
478 1484 564 1551 gesto
584 1478 667 1535 etiam
687 1477 746 1534 suis
765 1480 940 1553 contemptui
952 1496 1018 1536 esse
1034 1480 1145 1555 coepit:

119 1557 259 1635 equippe
277 1557 457 1633 Artabanus,
483 1558 651 1636 praefectus
664 1561 741 1635 eius,
765 1558 919 1619 deliciente
938 1560 1043 1620 cotidie
1067 1554 1147 1636 regis

148 1643 297 1699 maiestate
318 1642 346 1698 in
364 1659 445 1719 spem
462 1644 547 1717 regni
566 1641 704 1701 adductus
724 1661 786 1701 cum
805 1651 917 1720 septem
940 1644 1147 1703 robustissimis

149 1723 216 1783 tiliis
228 1725 338 1800 regiam
350 1725 467 1802 vesperi
479 1725 641 1801 ingreditur
657 1728 737 1804 (nam
749 1726 888 1785 amicitiae
902 1727 964 1785 iure
976 1744 1093 1805 semper
1105 1725 1146 1785 illi

149 1805 301 1885 patebat),
325 1807 525 1885 trucidataque
548 1827 622 1885 rege
640 1817 709 1868 voto
726 1826 778 1868 suo
797 1808 972 1868 obsistentes
990 1811 1065 1869 tilios
1084 1809 1146 1867 eius

120 1890 218 1957 3dolo
231 1890 407 1966 adgreditur.
431 1891 570 1951 Securior
581 1892 617 1950 de
630 1891 804 1967 Artaxerxe,
817 1909 909 1970 puero
923 1892 1082 1966 admodum,
1096 1893 1146 1949 lin·

148 1975 191 2052 git
203 1992 303 2051 regem
317 1992 332 2033 a
347 1973 461 2051 Dareo,
481 1975 528 2052 qui
546 1984 608 2035 erat
626 1975 815 2051 adulescens,
835 1993 892 2051 quo
903 1977 1038 2033 maturius
1050 1992 1145 2049 regno

149 2059 307 2137 potiretur,
321 2060 463 2126 occisum;
475 2059 587 2138 inpellit
599 2059 783 2118 Artaxerxen
795 2058 976 2134 parricidium
989 2056 1145 2137 parricidio

118 2141 305 2206 4vindicare.
350 2140 421 2201 Cum
443 2151 557 2200 ventum
580 2142 616 2201 ad
640 2142 751 2201 domum
771 2139 859 2199 Darei
880 2149 974 2218 esset,
999 2141 1146 2200 donniens

108 2223 110 2226 ’
122 2239 138 2289 5
150 2226 292 2299 inventus,
307 2227 388 2301 quasi
401 2242 528 2283 somnum
541 2226 675 2301 tingeret,
687 2223 865 2284 interficitur.
898 2224 971 2283 Dein
987 2242 1048 2284 cum
1061 2241 1145 2282 unum

152 2325 190 2365 ex
208 2308 288 2383 regis
301 2306 367 2367 filiis
380 2309 487 2367 sceleri
500 2326 552 2367 suc
566 2326 723 2385 superesse
738 2307 901 2367 Artabanus
913 2307 1025 2367 videret
1038 2316 1144 2366 metue·

149 2398 253 2466 retque
266 2389 301 2448 de
318 2408 410 2467 regno
425 2393 578 2452 certamina
598 2393 770 2469 principum,
791 2390 911 2450 adsumit
930 2392 959 2449 in
976 2392 1145 2450 societatem

121 2485 138 2538 6
152 2473 264 2532 consilii
277 2472 474 2549 Bagabazum:
494 2477 541 2553 qui
555 2477 702 2552 praesenti
714 2481 788 2535 statu
801 2483 952 2533 contentus
970 2493 1032 2534 rem
1049 2472 1145 2553 prodit

149 2557 322 2632 Artaxerxi,
347 2565 377 2615 ut
398 2568 480 2636 pater
501 2561 563 2617 eius
583 2557 699 2617 occisus
723 2559 775 2632 sit,
798 2567 828 2616 ut
850 2557 939 2617 irater
959 2558 1032 2618 lalsa
1053 2557 1144 2635 parri·

149 2639 215 2698 cidii
241 2640 402 2717 suspitione
429 2659 605 2720 oppressus,
631 2650 663 2700 ut
683 2641 806 2719 denique
832 2642 887 2719 ipsi
908 2650 1078 2720 pararentur
1103 2640 1143 2696 in·

117 2723 246 2787 isidiae.
283 2723 334 2782 His
350 2726 474 2802 cognitis
495 2727 692 2800 Artaxerxes,
715 2742 821 2784 verens
840 2724 979 2784 Artabani
999 2739 1144 2783 numerum

147 2807 281 2883 liliorum,
294 2808 323 2866 in
337 2817 484 2886 posterum
498 2808 573 2867 diem
595 2816 723 2886 paratum
743 2815 809 2866 esse
830 2817 967 2867 armatum
986 2809 1144 2867 exercitum

147 2891 234 2966 iubet,
247 2893 450 2967 recogniturus
465 2900 494 2950 et
506 2910 652 2950 numerum
666 2891 783 2950 militum
796 2900 826 2950 et
841 2892 868 2949 in
881 2892 966 2950 armis
977 2892 1144 2949 industriam

117 2974 334 3052 esingulorum.
378 2975 478 3053 ltaque
493 2994 556 3034 cum
569 2976 646 3033 inter
664 2982 781 3034 ceteros
799 2976 863 3051 ipse
875 2973 1037 3034 Artabanus
1052 2989 1144 3030 arma·

146 3067 192 3117 tus
203 3058 367 3135 adsisteret,
380 3076 433 3118 rex
448 3059 560 3118 simulat
571 3076 604 3117 se
618 3056 784 3117 breviorem
796 3056 915 3118 loricam
927 3055 1052 3133 babere,
1065 3053 1145 3113 iubet

144 3140 322 3201 Artabanum
333 3159 430 3202 secum
444 3150 634 3216 commutare,
648 3149 800 3200 exuentem
813 3157 845 3199 se
857 3140 1032 3201 acnudatum
1044 3137 1144 3215 gladio

117 3225 254 3301 9traicit,
273 3233 377 3284 tumet
397 3226 472 3285 lilios
490 3227 553 3284 eius
576 3225 684 3301 corripi
709 3224 797 3283 iubet.
831 3224 927 3302 Atque
945 3224 984 3282 ita
1005 3222 1143 3299 egregius

131 3306 318 3367 ,adulescens
333 3316 362 3366 et
378 3309 496 3394 caedem
511 3308 601 3388 patris
619 3315 648 3365 et
660 3325 692 3366 se
711 3306 747 3366 ab
768 3305 879 3366 insidiis
894 3305 1034 3366 Artabani
1052 3303 1142 3363 vindi·

145 3390 231 3448 cavit.

115 3480 130 3532 1
203 3472 232 3529 2.
259 3470 332 3530 Dum
345 3471 420 3530 baec
442 3474 469 3530 in
489 3473 587 3532 Persis
604 3480 759 3550 geruntur,
777 3475 888 3532 interea
906 3470 1030 3532 Graecia
1052 3468 1145 3530 omnis
