2442 3975
72 237 214 297 mist
237 279 242 284 .
414 245 507 295 arar.
523 247 617 296 rma.
634 247 723 295 sarr.
1014 239 1072 301 133

72 418 177 461 servos
195 400 327 460 militaris
351 395 455 459 aetatis
477 400 614 460 libertate
637 400 760 460 donatos
776 413 959 463 sacramento
975 406 1073 483 adegit

72 493 237 567 eosqueet
254 484 395 560 ¹maiorem
418 492 529 562 partem
553 485 645 544 ferme
668 486 788 543 militurn
808 485 928 545 navibus
951 490 1072 567 inponit,

70 577 150 628 ratus
173 576 335 645 exaequata
357 569 506 645 utriusque
528 569 639 628 ordinis
661 570 834 628 condicione
855 579 978 630 mutuam
998 574 1074 632 inter

70 670 124 711 eos
147 652 263 709 virtutis
281 649 507 711 aemulationem
528 653 667 720 futuram;
692 661 810 712 ceteros
830 671 931 712 omnes
949 655 984 714 ad
999 665 1071 714 tute·

71 735 127 795 lam
144 735 256 811 patriae
270 733 418 812 relinquit.

134 820 163 877 5.
188 818 318 895 Septimo
329 819 429 894 rigitur
444 820 559 897 imperii
575 837 649 880 anno
667 818 821 880 comitibus
837 819 950 879 duobus
967 820 1097 885 adultisl

69 901 152 978 liliis,
174 901 363 977 Archagatho
386 912 416 961 et
437 902 607 982 Heraclida,
633 904 713 963 nullo
735 903 855 962 militum
877 906 990 976 sciente
1013 922 1070 982 quo

68 984 240 1060 veheretur,
257 1003 371 1044 cursum
387 987 415 1045 in
429 987 558 1046 Africam
574 988 681 1064 dirigit.
707 986 777 1046 Cum
795 1004 896 1045 omnes
912 996 960 1046 aut
976 989 1004 1046 in
1016 987 1098 1051 lta-2

67 1068 136 1127 liam
156 1069 327 1146 praedatum
348 1087 382 1128 se
404 1079 455 1129 aut
472 1072 501 1129 iu
515 1071 677 1130 Sardiniam
700 1071 800 1142 ituros,
810 1071 981 1147 crederent,
1003 1081 1071 1131 tunc

68 1152 208 1231 primurn,
226 1153 362 1230 exposito
380 1154 408 1212 in
420 1153 540 1213 Africae
557 1154 643 1213 litore
660 1157 808 1230 exercitu,
826 1155 978 1212 consilium
990 1173 1072 1213 suum

68 1235 200 1295 omnibns
214 1238 318 1315 aperit.
343 1236 409 1309 Quo
423 1239 451 1295 in
464 1238 533 1297 loco
545 1239 710 1312 Syracusae
723 1239 836 1316 positae
850 1239 917 1312 sint,
932 1239 1070 1314 ostendit,
1082 1251 1100 1305 3

68 1319 171 1397 quibus
192 1319 270 1381 aliud
293 1321 404 1380 nullum
423 1322 560 1384 auxilium
582 1331 770 1400 superesset,
795 1339 881 1400 quam
894 1330 924 1380 ut
938 1320 1071 1381 hostibus

66 1402 189 1483 iaciant,
207 1422 284 1482 quae
297 1406 353 1483 ipsi
372 1406 526 1483 patiantur.
543 1404 668 1484 Quippe
683 1405 769 1465 aliter
786 1406 879 1480 domi,
896 1405 981 1465 aliter
996 1406 1098 1472 ioris4

66 1487 294 1548 bellatractari.
319 1485 406 1548 Domi
421 1490 536 1567 easola
551 1490 658 1549 auxilia
676 1507 847 1566 esse‚‚quae
864 1490 976 1565 patriae
991 1491 1071 1548 vires

66 1571 301 1631 subministrent:
333 1573 405 1630 loris
426 1572 540 1632 hostem
565 1575 651 1631 etiam
675 1574 734 1630 suis
758 1570 867 1629 viribus
894 1573 987 1646 vinci,
1020 1572 1069 1630 de·

67 1654 233 1713 beientibus
249 1656 341 1713 sociis
358 1664 388 1713 et
403 1656 470 1714 odio
487 1655 610 1714 diuturni
626 1656 740 1731 imperii
756 1663 877 1713 externa
895 1654 1000 1713 auxilia
1015 1656 1068 1713 cir·

68 1738 337 1815 cumspicientibus.
382 1737 446 1797 lluo
471 1739 637 1813 accedere,
666 1737 743 1814 quod
766 1736 860 1795 urbes
886 1738 1095 1816 castellaque5

67 1821 188 1881 Africae
203 1838 261 1880 non
275 1821 367 1880 muris
379 1822 511 1895 cinctae,
527 1822 628 1879 nonin
645 1820 790 1880 montibus
807 1823 920 1898 positae
936 1823 1001 1897 sint,
1018 1821 1070 1881 sed

67 1907 95 1963 in
119 1905 213 1982 planis
237 1905 346 1982 campis
369 1907 431 1964 sine
449 1904 516 1963 ullis
529 1906 711 1963 munimentis
726 1906 855 1963 iaceant:
880 1921 951 1980 quas
969 1921 1070 1963 omnes

67 1999 145 2048 metu
169 1991 275 2049 excidii
292 1987 379 2049 lacile
397 1986 433 2048 ad
449 1987 521 2048 belli
537 1990 708 2049 societatem
724 1986 829 2067 perlici
846 2005 947 2066 posse.
975 1989 1096 2053 blainstt

66 2074 154 2149 igitur
167 2072 457 2150 Carthaginiensibus
474 2073 509 2132 ab
525 2075 588 2152 ipsa
602 2073 702 2132 Africa
720 2090 804 2151 quam
818 2090 854 2130 ex
870 2072 968 2132 Sicilia
986 2090 1069 2131 exar-

68 2175 166 2225 surum
193 2157 320 2233 bellum,
353 2157 652 2234 coituraque‘auxilia
675 2158 798 2215 omnium
820 2156 960 2215 adversus
986 2173 1070 2216 unam

66 2239 168 2300 urbem
184 2242 300 2300 nomine
318 2258 402 2319 quam
419 2241 523 2319 opibus
539 2240 721 2319 ampliorem,
740 2249 852 2318 etqnas
864 2256 921 2297 non
936 2240 1070 2298 adtulerit

67 2327 163 2401 vires,
181 2325 250 2384 inde
266 2334 454 2403 sumpturum.
474 2323 511 2383 Et
526 2327 554 2382 in
569 2326 723 2402 repentino
739 2324 902 2383 Poenorum
918 2332 994 2381 metu
1010 2334 1094 2388 nont

66 2408 211 2468 modicum
226 2418 399 2469 momentum
413 2410 553 2467 victoriae
566 2409 642 2486 lore,
661 2410 709 2486 qui
721 2418 797 2468 tanta
813 2407 932 2466 audacia
945 2407 1069 2467 hostium

68 2493 200 2571 perculsi
224 2493 394 2571 trepidaturi
416 2493 481 2553 sint.
521 2492 690 2552 decessura
714 2501 744 2552 et
765 2491 897 2551 villarum
919 2492 1095 2567 incendiali

68 2576 257 2636 castellorum
273 2576 444 2655 urbiumque
457 2579 667 2636 contumacium
681 2576 891 2655 direptionem,
908 2584 964 2634 tum
977 2575 1069 2652 ipsius

69 2657 252 2737 Carthaginis
280 2661 477 2720 obsidionem:
507 2660 611 2739 quibus
639 2659 855 2720 omnibnsnon
885 2658 939 2718 sibi
961 2668 1096 2721 tantuma

67 2745 96 2801 in
118 2742 211 2819 alios,
235 2745 287 2803 sed
308 2754 337 2803 et
357 2745 421 2804 aliis
442 2747 470 2803 in
493 2763 530 2811 se,
547 2747 673 2804 sentient
696 2754 799 2822 patere
819 2743 907 2802 bella.
942 2741 994 2799 llis
1009 2752 1111 2805 non10

69 2826 163 2887 solum
175 2826 292 2886 Poenos
307 2829 394 2902 vinci,
412 2828 465 2887 sed
482 2838 511 2886 et
523 2828 651 2887 Siciliam
667 2827 786 2888 liberari
800 2845 906 2906 posse:
925 2824 1069 2882 necerim

68 2919 233 2970 moraturos
255 2913 284 2970 in
307 2912 369 2970 eius
395 2911 547 2971 obsidione
569 2912 686 2987 hostes,
717 2930 781 2970 cnm
805 2929 857 2969 sua
879 2914 1065 2982 urgueantur.

66 2994 214 3073 Nusquam
236 2996 324 3073 igitur
338 2995 406 3054 alibi
422 2994 536 3053 facilius
553 2994 676 3071 bellum,
701 2996 755 3054 sed
769 3012 825 3052 nec
840 2990 978 3070 praedam
994 2987 1063 3047 ube·
1076 3000 1110 3051 ll
1136 2992 1143 3003 '

67 3080 174 3140 riorem
187 3080 309 3139 inveniri
322 3097 428 3158 posse:
447 3096 510 3138 nam
524 3088 608 3157 capta
621 3076 796 3155 Carthagine
811 3092 924 3135 ornnem
938 3072 1068 3130 Africam

68 3163 255 3241 Siciliamque
287 3164 445 3241 praemium
473 3164 615 3222 victorum
641 3163 717 3225 iore.
757 3161 883 3222 Gloriam
905 3166 985 3216 certe
1009 3164 1065 3213 tam
1077 3163 1112 3217 12

68 3246 212 3306 honestae
234 3247 354 3307 militiae
376 3257 483 3306 tantam
500 3248 526 3304 in
544 3263 630 3305 omne
645 3264 747 3306 aevum
761 3245 900 3317 futuram,
924 3250 954 3299 nt
971 3239 1068 3298 termi-

67 3332 130 3390 nari
151 3330 231 3389 nullo
252 3339 309 3389 tem
333 3347 385 3390 ore
408 3330 556 3390 oblivione
581 3330 692 3407 possit:
724 3338 754 3386 ut
776 3326 887 3385 dicatur
911 3341 963 3383 eos
986 3322 1087 3381 solos·
1153 3402 1158 3411 .

67 3413 231 3472 mortalium
254 3432 286 3472 es
304 3433 340 3490 e,
365 3415 412 3491 qni
436 3412 531 3488 bella,
557 3430 632 3491 quae
655 3412 732 3471 domi
754 3411 834 3470 ferre
849 3413 1068 3486 non'poterant‚

68 3498 104 3556 ad
131 3496 233 3556 hostes
261 3498 459 3557 transtulerint
485 3498 623 3574 ultroque
652 3496 780 3554 victores
807 3493 930 3553 insecuti
958 3493 1014 3550 sint
1041 3497 1071 3548 et
