2442 3975
151 190 212 252 200
502 203 609 252 uaoor
620 203 751 251 1³0qu
942 194 990 247 xu
1006 199 1031 249 ².
1044 194 1115 248 xm
1133 200 1149 250 1

119 355 288 433 apostolas.
318 355 409 432 lgitur
435 366 466 416 ut
492 355 610 415 habenti
633 373 755 431 regnum
774 372 832 414 non
847 355 1004 430 ademerit,
1024 357 1064 415 ita
1081 372 1150 433 quo

151 439 274 497 cesserit
289 438 420 514 Tigrani,
437 455 493 498 non
509 437 654 514 daturum,
671 438 748 516 quod
758 439 832 497 tueri
847 439 972 513 nesciat,
987 455 1024 496 ue
1039 456 1148 497 rursus

119 521 262 595 osyriam
277 520 446 581 ludaeorum
463 530 492 580 et
506 520 633 580 Arabim
645 521 803 580 latrociniis
819 520 951 580 infestam
961 520 1072 579 reddat.
1088 521 1144 580 At-

149 621 206 679 que
223 604 261 663 ita
283 604 394 677 Syriam
415 605 630 683 improvinciae
653 604 773 663 formam
789 603 919 680 redegit,
943 603 1144 681 paulatimque

149 688 247 745 oriens
274 686 466 746 Romanorum
491 687 637 747 discordia
669 689 947 769 consanguineorum
962 686 1141 763 regumiac·

148 777 193 827 tus
210 778 265 830 est.
1113 800 1116 807 ¹

499 1019 705 1029 --.-.--—-
770 1018 771 1021 ¹

389 1242 824 1345 usuum'xxxxu.
934 1324 943 1343 .

120 1515 140 1566 1ι
210 1507 237 1561 1.
275 1467 396 1577 Parthi,
420 1519 512 1580 penes
535 1520 609 1579 quos
630 1502 710 1562 velut
733 1502 875 1562 divisione
899 1502 978 1561 orbis
1000 1519 1063 1560 cum
1079 1500 1139 1560 llo-

145 1588 236 1645 mauis
255 1585 332 1644 iacta
352 1603 426 1644 nuuc
439 1586 558 1645 orientis
579 1587 728 1662 imperium
755 1594 817 1659 est,
843 1585 1012 1659 Scytharum
1033 1585 1139 1665 exules

116 1669 236 1729 uiuere.
271 1667 334 1726 Hoc
349 1670 432 1728 otiam
455 1670 582 1747 ipsorum
597 1669 742 1727 vocabulo
756 1668 1138 1741 manifestatursnam'Scy·

115 1751 222 1814 3thico
239 1768 373 1810 sermone
391 1750 493 1810 exules
514 1750 607 1829 parthi
622 1751 762 1810 dicuutur.
797 1750 832 1810 lli
853 1759 883 1809 et
904 1751 1092 1826 Assyriorum
1107 1758 1140 1809 et

144 1832 292 1892 Medorum
328 1833 508 1911 temporibus
538 1835 613 1893 inter
638 1834 758 1893 orientis
785 1833 911 1911 populos
939 1833 1138 1892 obscurissimi

115 1917 237 1978 liuere·
272 1916 377 1976 Postea
397 1934 529 1996 quoque,
553 1934 616 1975 cum
641 1918 789 1995 imperium
810 1918 931 1975 orientis
952 1934 967 1975 a
990 1915 1084 1975 bladis
1100 1916 1136 1975 ad

143 1999 247 2062 Persas
263 2001 429 2060 translatum
447 2001 606 2084 estpvelut
618 2001 722 2077 uulgus
737 2002 799 2059 sine
815 2001 929 2060 nomine
951 2001 1061 2078 praeda
1076 2001 1137 2058 vic·

116 2090 237 2145 otorum
263 2082 356 2142 foere.
391 2083 568 2143 Postremum
592 2082 799 2143 Macedonibus
820 2083 995 2161 triumphato
1022 2082 1138 2150 oriente

117 2168 324 2242 bservierunt‚
342 2174 371 2225 ut
389 2168 480 2225 cuivis
498 2168 598 2226 mirum
614 2167 745 2226 videatur
762 2166 799 2226 ad
820 2176 996 2226 tautameos
1013 2165 1137 2224 felicita·

143 2257 200 2307 tem
216 2266 270 2325 per
283 2249 417 2308 virtutem
432 2258 607 2327 provectos,
625 2259 654 2308 ut
669 2250 811 2326 imperent
825 2248 978 2326 gentibus,
996 2247 1049 2307 sub
1065 2265 1136 2325 qus·

114 2339 202 2393 irum
220 2333 341 2408 imperio
359 2332 448 2391 veluti
466 2333 574 2392 servile
586 2332 689 2408 vulgus
704 2332 797 2391 fuere.
831 2332 1005 2392 hRomauis
1017 2348 1137 2409 quoque

143 2414 224 2471 trinis
238 2413 324 2473 bellis
341 2432 395 2492 per
411 2416 549 2474 maximos
565 2416 656 2475 ducas
670 2415 881 2496 florentissimis
900 2414 1079 2493 temporibus
1094 2413 1137 2472 la·

144 2497 243 2554 cessiti
270 2497 325 2555 soli
347 2516 385 2557 ex
409 2497 539 2558 omnibus
561 2498 696 2574 gentibus
722 2515 781 2557 non
805 2516 892 2575 pares
908 2498 1018 2570 solum,
1033 2515 1136 2555 verum

115 2580 229 2641 Setiam
252 2580 378 2639 victores
401 2581 498 2640 iuerc:
521 2598 692 2658 quamquam
712 2580 778 2658 plus
793 2581 907 2658 gloriae
924 2589 968 2640 est
985 2583 1060 2638 inter
1075 2578 1135 2638 hs·

143 2661 225 2737 syria
234 2670 262 2720 et
279 2662 391 2722 Medica
409 2663 584 2740 Persicaque
600 2672 758 2723 memorata
774 2665 840 2724 olim
855 2682 945 2740 regna
961 2673 991 2723 et
1011 2661 1142 2740 opulen-v
1206 2722 1210 2727 .

141 2744 278 2804 tissimum
301 2745 370 2804 illud
393 2745 503 2805 urbium
527 2746 709 2806 Bactrianum
732 2748 881 2823 imperium
903 2762 1058 2822 emergere
1081 2761 1137 2822 po·

111 2827 232 2890 9tuisse
248 2845 331 2903 quam
346 2827 502 2907 longinqua
519 2829 597 2889 bella
621 2830 739 2889 uicisse.
769 2829 926 2889 Praeterea
950 2846 1014 2888 cum
1037 2828 1136 2904 gravi-

142 2910 195 2970 bus
209 2910 354 2984 Scythicis
368 2921 398 2970 et
413 2912 582 2972 vicinalibus
597 2911 685 2971 bellis
698 2911 816 2972 adsidue
832 2913 930 2972 vexati
944 2913 1034 2971 variis
1055 2910 1135 2989 peri-

98 2994 273 3055 loculorum
298 2995 500 3055 certaminibus
528 3003 736 3071 arguerentur,
767 2995 797 3054 bi
818 2996 986 3055 domesticis
1014 2993 1135 3053 seditio·

141 3076 224 3135 uibus
249 3077 369 3151 Scythia
394 3078 469 3156 pulsi
497 3077 667 3138 solitudines
691 3080 767 3138 inter
788 3078 960 3153 hyrcaniam
983 3087 1012 3137 et
1034 3075 1137 3135 Dahas

98 3169 130 3219 11
143 3168 173 3218 et
192 3160 289 3218 Areos
310 3170 340 3219 et
357 3162 487 3237 Sparnos
508 3169 537 3219 et
557 3160 723 3237 Margianos
739 3161 834 3221 furtim
859 3177 1055 3239 occupavere.
1085 3156 1135 3216 Fi·

141 3258 192 3299 nes
221 3241 326 3301 deinde
354 3260 412 3301 noo
442 3243 689 3302 intercedentibus
723 3245 815 3322 primo
847 3244 988 3319 finitimis,
1027 3247 1136 3320 postea

141 3323 224 3382 etiam
241 3324 461 3401 prohibentibus
475 3327 503 3384 iu
515 3334 623 3385 tantum
638 3325 798 3403 protulere,
815 3336 845 3385 ut
860 3344 919 3386 nou
929 3328 1058 3385 inmensa
1072 3327 1135 3383 talu·

139 3413 197 3462 tum
214 3423 249 3463 ac
265 3407 405 3483 profunda
420 3425 603 3486 camporum,
621 3410 824 3468 verumetiam
841 3419 1000 3488 praerupta
1017 3406 1136 3467 collium
