2442 3975
428 228 466 277 ιιι
488 228 622 277 musuu
639 227 715 277 xm.
1033 217 1073 279 77

56 383 175 444 bauains
191 380 227 441 D.
242 382 399 457 garziueL
463 389 606 445 herculem
624 385 687 463 seul
705 402 797 449 nesea
812 388 840 442 in
857 387 958 445 ras.A
1019 384 1077 461 §8

58 472 187 528 arideum
203 473 228 524 A
292 472 426 528 cunatiA
482 473 645 530 nemiuetA
716 469 769 543 §9
789 487 914 527 ιοιιιιιοιι
930 474 1016 530 AGM

58 555 190 612 delerent
205 553 240 609 A.
261 555 428 611 deleverunt
451 556 492 611 M.
516 557 674 613 deleverint
690 557 772 627 Baup
783 555 862 610 aare
875 556 902 611 Β
918 554 1019 630 (dcliv.
1038 556 1075 633 G)

101 635 124 710 §
142 645 174 696 ll
190 638 348 710 ptolemeus
362 641 388 694 A
451 641 617 707 recussabet
632 642 657 695 A
674 638 736 715 (alt.
749 657 763 695 s
774 641 864 705 eras.)
928 641 1076 699 Larissaco

59 723 142 793 Baup
153 722 233 781 Dueb
244 722 278 776 B.
295 723 418 780 larisseo
433 724 460 779 Β
525 725 706 780 valitudinem
722 723 854 780 maiorem
871 723 1077 782 O.Duednerus

60 808 186 878 eapticut
200 804 255 863 ‘uel
267 806 390 862 erardum
402 809 558 880 vulparidus
569 825 603 863 aa
615 811 699 864 salitis
707 810 864 880 preclaram
879 810 922 864 ael
933 810 1076 880 maiorem,

60 907 144 963 quam
165 896 195 944 ut
209 905 324 962 repuum
339 894 366 946 ci
384 894 460 947 tradi
471 892 582 963 pessit)
621 892 753 965 Plerique
771 891 895 947 morbum
918 895 1077 949 comitialem

58 975 217 1047 sepnificari
224 981 339 1047 putant,
357 992 436 1048 quem
450 976 544 1032 Celsus
560 975 627 1045 III,
643 982 678 1036 23
698 977 823 1034 morbum
840 977 973 1037 melotem
988 984 1075 1035 uocat.

61 1059 108 1131 Cf.
126 1059 210 1129 Aput.
226 1059 337 1131 Apolop.
350 1077 383 1131 p.
400 1067 451 1121 507
472 1061 594 1117 Oudcnd.
633 1059 690 1116 Sed
704 1068 734 1116 ut
751 1068 826 1116 recte
842 1061 973 1118 valetudo
987 1063 1076 1119 maiar
1159 1096 1165 1108 ·

60 1144 231 1215 appelletur,
252 1158 346 1215 uerno,
371 1146 447 1216 quad
470 1148 575 1215 sciam,
601 1147 749 1200 memoriae
765 1144 902 1216 prodidit,
926 1146 1078 1203 Aridueum

60 1226 157 1283 morbo
184 1229 302 1282 comitali
325 1229 466 1299 adfectum
485 1230 584 1303 fuisse.
629 1229 768 1284 Imbecillu
794 1229 837 1285 ret
859 1224 968 1284 turbata
990 1236 1079 1287 merite

60 1311 150 1383 fuisse
167 1319 287 1380 canstat,
310 1320 340 1368 ut
359 1314 501 1386 Eurydice
515 1330 603 1381 uuor,
623 1314 737 1369 abutens
753 1314 907 1369 valetudine
929 1317 995 1385 riri,
1019 1318 1078 1371 eius

62 1395 159 1489 officia
176 1395 227 1449 sibi
245 1397 403 1453 uindicaret.
425 1398 468 1470 Of.
483 1397 533 1453 XI
537 1398 600 1466 Vs
616 1403 642 1454 2.
663 1398 789 1454 Plutl
752 1399 836 1454 Al.eu
852 1414 874 1454 c
890 1403 923 1459 77
939 1386 1028 1471 ἀτελῆ
1045 1393 1078 1456 di

61 1468 96 1535 ed
112 1480 237 1550 φρονεῖν
262 1468 394 1535 όνια-
412 1473 581 1555 φαρμάκοις
602 1466 654 1537 dre
677 1470 876 1576 Ολυμπιαδος
900 1478 1077 1540 κακωθέντα

63 1551 317 1635 διαφθαρῆναι
284 1583 340 1637 την
352 1557 496 1621 διανοιαν.
508 1567 622 1624 Iliadae.
632 1564 747 1622 XVIII
759 1573 776 1624 2
792 1584 811 1638 η
800 1552 922 1638 μὲν
888 1584 944 1640 pap
956 1564 1016 1623 τῶν
1027 1584 1077 1623 πε-

63 1644 124 1714 ζῶν
143 1638 259 1722 φαλαγξ
271 1637 484 1745 Ἀριδαῖον,
454 1666 506 1705 τον
527 1645 680 1706 Φιλίππου
701 1644 756 1722 μὲν
772 1641 860 1742 pide,
882 1651 1024 1726 ψυχικοῖς
1046 1644 1078 1708 δὲ
1116 1724 1120 1727 ¹

63 1721 408 1806 παθεσισυνεχόμενον’
392 1723 533 1805 ανιοῖτοις,
548 1734 680 1809 προῆγεν
691 1721 970 1809 ἐπὶτήνβασιλείαν.
984 1735 1079 1803 Quare

61 1833 87 1873 si
83 1816 237 1873 Iustiaum
252 1819 439 1875 valetudinem
458 1820 610 1876 animorum
624 1821 769 1889 scripsisse
784 1822 917 1874 sumimus
934 1817 1078 1893 (campen-

62 1902 140 1957 dium
160 1901 283 1973 uiarum,
302 1918 364 1957 cum
386 1920 411 1958 m
427 1919 464 1960 eu
476 1894 649 1976 praepressa
665 1919 729 1958 uoce
742 1904 929 1997 adhaesisset,
950 1904 1061 1977 facile
1050 1921 1079 1960 m

64 1984 201 2043 maiarum
222 1989 344 2043 transire
357 1984 477 2062 patuit),
497 1989 616 2047 Diodori
633 1972 750 2060 ψυχικα
762 1977 849 2060 παθη
859 2004 952 2059 prape
966 1990 1005 2044 ud
1018 2005 1079 2046 uer·

64 2071 128 2126 bum
143 2074 292 2142 expressit.
314 2072 357 2130 ee
365 2073 477 2143 plurali
489 2074 642 2128 animorum
655 2073 695 2145 cf.
704 2074 796 2129 adnot.
811 2073 850 2126 ad
862 2072 973 2129 XXVI
983 2080 1011 2143 3,
1021 2080 1039 2132 4

63 2156 270 2228 paciebaturA
325 2154 347 2229 ὅ
364 2163 397 2216 12
412 2174 448 2213 ex
461 2158 516 2214 hiis
534 2158 566 2212 A.
588 2174 625 2213 ex
643 2157 699 2213 iltis
716 2157 746 2213 L.
763 2174 798 2213 ex
811 2156 855 2212 his
871 2156 899 2211 Β
963 2157 1010 2228 qui
1026 2174 1078 2230 pro

64 2240 148 2310 Baup
162 2239 224 2294 BF.
249 2240 296 2312 qui
317 2258 368 2313 per
382 2242 418 2297 E.
447 2241 493 2314 qui
514 2258 582 2315 prae
602 2242 630 2296 R
711 2242 831 2298 virtute*
847 2240 880 2296 A.
900 2240 1028 2297 virtutem
1044 2242 1080 2299 Ε.

64 2323 214 2380 virtuteR.
239 2323 353 2380 Videre
367 2326 396 2381 E
409 2341 503 2382 ueram
517 2329 686 2397 scripturam
700 2327 858 2382 seruaverit,
875 2324 918 2397 Cf.
930 2325 1003 2380 XLI
1016 2333 1040 2396 1,
1052 2332 1078 2386 6.

66 2406 194 2463 Oudead.
206 2409 247 2463 ad
260 2409 338 2466 Caes.
355 2411 392 2465 B.
411 2410 437 2466 0.
455 2410 493 2466 II
504 2417 548 2480 30,
564 2416 581 2467 2
642 2410 798 2482 provintias
812 2408 837 2465 A
896 2409 1080 2467 subiicieutur

65 2492 188 2564 imperio
208 2493 288 2566 Baup
307 2493 383 2552 Ducb
402 2494 438 2551 D.
459 2494 523 2566 imp.
547 2494 722 2551 subiciantur
738 2493 765 2549 Β
830 2490 851 2566 ὃ
868 2501 902 2553 13
922 2494 1037 2550 roxanis
1055 2494 1081 2549 A

67 2572 150 2649 (-uis
165 2577 208 2632 iel
223 2594 296 2649 -nys
317 2574 354 2651 0)
418 2573 439 2648 ὃ
457 2585 489 2638 14
505 2579 672 2635 creteroaA
737 2574 869 2652 tutorum]
885 2593 939 2635 sec.
952 2584 963 2633 t
978 2596 1015 2634 m.
1031 2580 1080 2636 alt.

64 2661 145 2720 tutat.
168 2661 192 2716 A
253 2659 356 2735 iurent]
374 2662 516 2718 iuravitA

133 2743 162 2801 3.
183 2741 204 2815 ᾗ
220 2753 233 2803 1
254 2742 460 2820 satellitesque]
478 2752 521 2804 sat
536 2748 565 2802 iu
580 2762 639 2806 ras.
653 2749 678 2801 A
741 2747 822 2802 turbe
839 2746 898 2804 ΕΒ.
917 2745 991 2802 tribu
1010 2744 1038 2800 Β

65 2826 303 2902 §lnontieleA
367 2832 546 2902 mitigandum
563 2831 625 2888 DL.
641 2829 810 2901 mitigandos
828 2831 855 2886 Β
920 2847 956 2885 ex
972 2830 1081 2901 posteri

65 2912 161 2969 AGM.
180 2931 215 2969 ex
230 2915 397 2986 proceribus
413 2915 439 2971 Β
504 2922 654 2986 querentes
670 2916 696 2971 A
760 2912 877 2987 peditib'
892 2915 925 2970 L.
947 2913 1081 2970 militibus

45 3007 52 3020 ’
66 2998 105 3053 Β.
124 2997 218 3054 ‘ilites
227 3002 340 3068 saepius
351 3001 486 3071 accipitur
496 3017 552 3071 pra
560 3001 652 3072 pedite
663 3004 688 3054 et
702 3001 850 3070 apponitur
859 3000 947 3071 equiti.
963 2997 1081 3054 (ἔναιον.

67 3082 109 3138 ad
122 3082 181 3138 Liu.
197 3083 343 3140 XXVIII
355 3087 391 3143 l.'
411 3085 545 3140 Graevius
608 3081 630 3155 §
643 3089 661 3142 4
675 3091 740 3139 tunc
754 3084 836 3155 Baup
849 3082 928 3139 Duelr
941 3079 1080 3143 BDEFL.

66 3173 125 3222 tum
142 3165 171 3221 Β
236 3167 383 3225 delendum
400 3169 477 3239 Beup
491 3168 570 3224 Dueb
583 3168 671 3225 DEI.
691 3168 837 3223 ledendum
854 3169 889 3224 F.
905 3166 1083 3236 deligendum

64 3250 183 3308 ACGM.
196 3251 381 3323 delegandum
391 3250 425 3308 B.
457 3252 566 3325 Scripsi
580 3252 776 3323 relegendum,
792 3254 839 3307 cui
849 3253 989 3324 sequeutia
1004 3251 1084 3323 equi-

66 3341 111 3393 tes
135 3336 240 3409 trepidi
268 3338 302 3392 ab
325 3339 393 3408 urbe
418 3336 565 3393 discedunt
586 3336 760 3407 respondent.
795 3335 923 3408 Syllabas
947 3336 983 3391 de
1005 3341 1031 3389 et
1052 3351 1083 3391 re

68 3416 151 3495 (VII
169 3427 204 3491 4,
225 3426 251 3479 8.
274 3421 413 3498 IAM.
433 3420 564 3491 XIIII,
586 3427 628 3480 19.
651 3419 810 3489 XVJJJe,
829 3426 855 3479 3.
877 3419 969 3475 XXV
987 3428 1020 3489 5,
1040 3414 1083 3491 2),

67 3506 200 3577 relegare
219 3511 246 3561 et
259 3506 381 3577 religare
398 3502 556 3580 (Drulrerrd.
573 3506 612 3560 ud
625 3503 747 3561 LiuIX
760 3510 810 3576 26,
828 3499 861 3576 4)
879 3505 908 3558 in
925 3504 1001 3558 tibris
1017 3518 1082 3557 mss.
