2442 3975
143 214 185 280 28
220 266 223 275 ,
377 226 379 233 ⁴
518 228 772 278 recorrourar
940 224 1146 282 111s1ss1.e

102 394 137 449 19
145 403 210 444 nem
229 386 351 444 futuram
366 386 481 463 pietatis
500 381 670 445 documenta
683 383 886 462 prodiderunt:
906 385 1014 462 quippe
1034 392 1145 463 patrem

146 468 185 526 ob
198 470 306 527 crimen
319 468 470 546 peculatus
485 468 514 526 in
532 486 680 543 carcerem
695 469 854 527 coniectum
867 466 965 545 ibique
979 468 1144 530 defunctum

101 552 290 615 botranslatis
306 553 334 610 in
353 570 384 610 se
403 552 525 611 vinculis
544 552 579 611 ad
598 551 774 628 sepulturam
787 550 915 610 redemit.
948 550 1011 610 Nec
1024 553 1051 609 in
1063 551 1144 610 bello

145 634 278 694 iudicium
291 634 477 712 deligentium
489 635 609 710 ielellit,
632 634 772 711 siquidem
790 652 847 693 aon
862 634 982 694 inferior
993 633 1145 694 virtutibus

145 720 236 796 patris
247 718 384 794 Xerxen,
403 720 533 778 terrestri
545 718 699 796 navalique
711 717 790 778 bello
804 727 985 798 superatum,
1003 717 1145 797 trepidum

145 803 282 881 recipere
295 820 327 861 se
339 804 367 860 in
379 820 499 878 reguum
512 803 620 878 coligit.

538 1034 748 1042 ————-

499 1206 707 1279 LIBER
738 1206 807 1278 ΙΙΙ.

120 1409 133 1459 l
206 1390 233 1446 l.
256 1352 398 1464 Xerxes,
411 1407 465 1448 rex
477 1390 645 1467 Persarum,
666 1398 762 1448 terror
780 1386 863 1447 antea
875 1391 1012 1465 gentium,
1025 1389 1104 1448 bello
1117 1389 1145 1447 in

149 1473 299 1537 Graeciam
310 1471 466 1531 infeliciter
476 1481 561 1549 gesto
581 1474 664 1531 etiam
685 1474 744 1531 suis
762 1476 937 1549 contemptui
950 1492 1016 1531 esse
1031 1475 1143 1550 coepit:

117 1557 258 1634 equippe
274 1555 455 1631 Artabanus,
480 1556 649 1634 praelectus
662 1557 738 1632 eius,
763 1555 916 1614 deliciante
935 1556 1041 1615 cotidie
1065 1550 1146 1631 regis

146 1642 295 1697 maiestate
315 1640 344 1697 in
361 1657 442 1717 spem
460 1641 544 1715 regni
564 1638 701 1698 adductus
722 1657 784 1697 cum
803 1646 915 1716 septem
938 1639 1146 1700 robustissimis

146 1723 214 1798 liliis
226 1723 336 1797 regiam
347 1723 464 1800 vesperi
477 1722 638 1798 ingreditur
655 1725 735 1801 (nam
746 1723 886 1781 amicitiae
899 1723 961 1780 iure
974 1739 1091 1800 semper
1103 1720 1144 1779 illi

146 1804 299 1885 patebat),
322 1804 523 1882 trucidataque
546 1824 620 1881 rege
638 1814 707 1865 voto
724 1823 775 1864 suo
794 1804 969 1864 obsistentes
988 1807 1063 1865 lilios
1083 1805 1144 1862 eius

118 1889 216 1956 3dolo
230 1888 405 1964 adgreditur.
429 1890 568 1948 Securior
579 1889 615 1948 de
628 1889 801 1963 Artaxerxe,
815 1905 907 1966 puero
921 1888 1080 1961 admodum,
1094 1888 1144 1944 lin·

146 1975 189 2050 git
201 1991 301 2049 regem
315 1991 330 2030 a
345 1971 459 2048 Dareo,
479 1972 526 2050 qui
544 1981 606 2033 erat
624 1972 813 2047 adulescens,
833 1989 890 2047 quo
901 1973 1036 2029 maturius
1048 1986 1143 2044 reguo

147 2058 305 2135 potiretur,
319 2058 461 2124 occisum;
474 2056 585 2135 inpellit
597 2056 780 2114 Artaxerxen
792 2053 974 2130 parricidium
987 2051 1143 2132 parricidio

116 2139 303 2205 avindicare.
349 2139 418 2198 Cum
441 2148 556 2197 ventum
579 2139 614 2198 ad
638 2138 749 2197 domum
769 2135 857 2195 Darei
878 2146 972 2213 esset,
997 2136 1144 2195 donniens

106 2222 291 2297 uincamus,
305 2224 386 2298 quusi
399 2239 526 2281 somnum
539 2223 673 2299 iungeret,
685 2220 863 2280 interficitur.
896 2219 970 2278 Dein
985 2238 1046 2280 cum
1059 2235 1144 2277 unum

150 2324 188 2363 ex
207 2306 287 2381 regis
299 2305 364 2363 liliis
378 2306 485 2364 sceleri
498 2322 550 2365 suo
564 2323 721 2382 superesse
736 2303 899 2363 Artabanus
912 2304 1023 2363 videret
1036 2310 1142 2361 metue-

148 2396 251 2464 retque
264 2387 299 2446 de
316 2406 409 2465 reguo
423 2391 576 2448 certamina
596 2389 768 2466 principum,
789 2386 909 2446 adsumit
929 2388 957 2444 in
975 2388 1142 2446 societatem

119 2483 136 2536 6
150 2470 263 2530 consilii
275 2470 473 2547 Ragabazum:
492 2474 540 2550 qui
553 2473 700 2551 praesenti
712 2477 787 2531 statu
800 2480 950 2529 contentus
968 2488 1029 2529 rem
1047 2468 1144 2548 prodit

148 2555 320 2630 Artaxerxi,
346 2564 376 2614 ut
396 2565 479 2634 pater
500 2558 562 2614 eius
582 2556 697 2614 occisus
722 2556 774 2629 sit,
797 2563 826 2612 ut
848 2554 937 2613 irater
957 2554 1030 2613 falsa
1052 2552 1143 2631 parri·

147 2637 213 2697 cidii
240 2640 401 2715 suspitione
428 2631 604 2717 oppressus,
629 2646 661 2696 ut
681 2638 804 2715 denique
828 2638 885 2714 ipsi
906 2646 1077 2716 pararentur
1102 2636 1142 2692 in·

116 2722 245 2786 isidiae.
281 2721 332 2781 His
349 2724 473 2799 cognitis
493 2723 691 2797 Artaxerxes,
714 2738 819 2780 verens
839 2719 977 2780 Artabani
997 2735 1142 2779 numerum

146 2806 280 2882 liliorum,
293 2806 321 2863 in
336 2815 483 2883 posterum
497 2805 572 2864 diem
593 2813 721 2884 paratum
742 2811 808 2862 esse
828 2812 965 2863 armatum
984 2805 1143 2862 exercitum

145 2889 233 2965 iubet,
246 2890 449 2965 recognitorus
464 2897 492 2947 et
505 2907 651 2947 numerum
665 2887 782 2946 militum
795 2896 824 2945 et
839 2887 866 2945 in
880 2888 965 2945 armis
977 2887 1142 2945 industriam

115 2972 333 3050 8siugulorum.
377 2973 477 3049 ltaque
492 2990 554 3030 cum
567 2973 644 3030 inter
663 2980 780 3029 ceteros
797 2971 861 3047 ipse
874 2968 1037 3029 Artabanus
1051 2985 1143 3026 arma·

145 3065 190 3115 tus
202 3055 366 3133 adsisteret,
379 3074 432 3115 rex
447 3056 559 3115 simulat
570 3073 603 3114 se
617 3052 782 3113 breviorem
795 3053 913 3112 loricam
926 3050 1051 3128 babere,
1064 3049 1144 3109 iubet

143 3138 320 3198 Artabanum
332 3156 430 3199 secum
443 3148 633 3213 commutare,
647 3146 798 3196 exuentem
811 3151 844 3195 se
856 3135 1031 3197 acnudatum
1043 3132 1142 3210 gladio

116 3223 253 3298 9traicit,
272 3231 329 3282 tum
348 3232 376 3281 et
396 3224 472 3282 lilios
489 3224 551 3280 eius
575 3222 683 3298 corripi
708 3220 795 3279 iubet.
829 3219 925 3298 Atque
944 3220 983 3278 ita
1003 3218 1141 3294 egregius

131 3305 318 3365 adulescens
332 3314 361 3363 et
377 3307 495 3392 caedem
510 3305 601 3384 patris
618 3312 691 3363 etse
711 3303 746 3363 ab
767 3302 877 3362 insidiis
893 3301 1033 3362 Artabani
1052 3298 1140 3358 vindi·

144 3388 230 3446 cauit.

114 3478 129 3530 1
202 3470 232 3527 2.
259 3466 332 3526 Dum
344 3469 419 3528 lraec
441 3470 469 3528 in
488 3470 586 3529 Persis
603 3477 758 3545 geruntur,
776 3470 888 3528 interea
906 3467 1029 3529 Graecia
1051 3464 1143 3526 omnis
