<?xml version="1.0" encoding="UTF-8"?>
<!DOCTYPE html PUBLIC "-//W3C//DTD XHTML 1.0 Transitional//EN"
    "http://www.w3.org/TR/xhtml1/DTD/xhtml1-transitional.dtd">
<html xmlns="http://www.w3.org/1999/xhtml" xml:lang="en" lang="en">
 <head>
  <title>
</title>
<meta http-equiv="Content-Type" content="text/html;charset=utf-8" />
  <meta name='ocr-system' content='tesseract 3.04.00' />
  <meta name='ocr-capabilities' content='ocr_page ocr_carea ocr_par ocr_line ocrx_word'/>
</head>
<body>
  <div class='ocr_page' id='page_1' title='image "./iustinustrogipo00troggoog_0270.png"; bbox 0 0 2442 3975; ppageno 0'>
   <div class='ocr_carea' id='block_1_1' title="bbox 134 140 1136 310">
    <p class='ocr_par' dir='ltr' id='par_1_1' title="bbox 134 140 1136 310">
     <span class='ocr_line' id='line_1_1' title="bbox 426 140 452 179; baseline 0 0"><span class='ocrx_word' id='word_1_1' title='bbox 426 140 452 179; x_wconf 66' lang='grc' dir='ltr'><em>θ</em></span> 
     </span>
     <span class='ocr_line' id='line_1_2' title="bbox 134 212 1136 310; baseline 0.005 -28"><span class='ocrx_word' id='word_1_2' title='bbox 134 222 176 283; x_wconf 82' lang='lat'>52</span> <span class='ocrx_word' id='word_1_3' title='bbox 287 230 288 233; x_wconf 73' lang='grc'>’</span> <span class='ocrx_word' id='word_1_4' title='bbox 520 235 628 283; x_wconf 81' lang='lat' dir='ltr'>nnoor</span> <span class='ocrx_word' id='word_1_5' title='bbox 645 236 776 310; x_wconf 73' lang='lat' dir='ltr'>comem</span> <span class='ocrx_word' id='word_1_6' title='bbox 815 212 830 232; x_wconf 70' lang='lat'>&#39;⁸</span> <span class='ocrx_word' id='word_1_7' title='bbox 993 230 1048 284; x_wconf 85' lang='lat' dir='ltr'>vll</span> <span class='ocrx_word' id='word_1_8' title='bbox 1061 236 1136 290; x_wconf 55' lang='lat'>14</span> 
     </span>
    </p>
   </div>
   <div class='ocr_carea' id='block_1_2' title="bbox 132 380 1168 465">
    <p class='ocr_par' dir='ltr' id='par_1_2' title="bbox 132 380 1168 465">
     <span class='ocr_line' id='line_1_3' title="bbox 132 380 1168 465; baseline 0.007 -18"><span class='ocrx_word' id='word_1_9' title='bbox 132 387 322 447; x_wconf 80' lang='lat' dir='ltr'>Macedoniae</span> <span class='ocrx_word' id='word_1_10' title='bbox 340 386 428 461; x_wconf 86' lang='lat' dir='ltr'>iecit,</span> <span class='ocrx_word' id='word_1_11' title='bbox 450 388 654 464; x_wconf 75' lang='lat' dir='ltr'>crescentique</span> <span class='ocrx_word' id='word_1_12' title='bbox 672 406 765 465; x_wconf 87' lang='lat' dir='ltr'>regno</span> <span class='ocrx_word' id='word_1_13' title='bbox 783 389 880 449; x_wconf 82' lang='lat' dir='ltr'>valida</span> <span class='ocrx_word' id='word_1_14' title='bbox 894 392 1136 454; x_wconf 79' lang='lat' dir='ltr'>incrementorum</span> <span class='ocrx_word' id='word_1_15' title='bbox 1165 380 1168 389; x_wconf 50' lang='lat'><strong>⁴</strong></span> 
     </span>
    </p>
   </div>
   <div class='ocr_carea' id='block_1_3' title="bbox 38 472 1138 3539">
    <p class='ocr_par' dir='ltr' id='par_1_3' title="bbox 132 472 992 551">
     <span class='ocr_line' id='line_1_4' title="bbox 132 472 992 551; baseline -0.008 -21"><span class='ocrx_word' id='word_1_16' title='bbox 132 472 313 551; x_wconf 79' lang='lat' dir='ltr'>fundamenta</span> <span class='ocrx_word' id='word_1_17' title='bbox 333 472 492 531; x_wconf 91' lang='lat' dir='ltr'>constituit.</span> <span class='ocrx_word' id='word_1_18' title='bbox 989 526 992 531; x_wconf 66' lang='grc'><strong>,</strong></span> 
     </span>
    </p>

    <p class='ocr_par' dir='ltr' id='par_1_4' title="bbox 105 553 1137 717">
     <span class='ocr_line' id='line_1_5' title="bbox 105 553 1137 631; baseline 0.009 -20"><span class='ocrx_word' id='word_1_19' title='bbox 105 569 121 619; x_wconf 95' lang='lat'>1</span> <span class='ocrx_word' id='word_1_20' title='bbox 198 554 227 612; x_wconf 77' lang='grc'>2.</span> <span class='ocrx_word' id='word_1_21' title='bbox 248 554 317 614; x_wconf 85' lang='lat' dir='ltr'><strong>Post</strong></span> <span class='ocrx_word' id='word_1_22' title='bbox 332 554 407 612; x_wconf 92' lang='lat' dir='ltr'>hunc</span> <span class='ocrx_word' id='word_1_23' title='bbox 420 553 559 614; x_wconf 86' lang='lat' dir='ltr'>Perdicca</span> <span class='ocrx_word' id='word_1_24' title='bbox 575 557 724 631; x_wconf 85' lang='lat' dir='ltr'>regnavit,</span> <span class='ocrx_word' id='word_1_25' title='bbox 747 557 827 614; x_wconf 89' lang='lat' dir='ltr'>cuins</span> <span class='ocrx_word' id='word_1_26' title='bbox 843 565 873 614; x_wconf 88' lang='lat' dir='ltr'>et</span> <span class='ocrx_word' id='word_1_27' title='bbox 889 558 947 617; x_wconf 90' lang='lat' dir='ltr'>vita</span> <span class='ocrx_word' id='word_1_28' title='bbox 962 558 1090 618; x_wconf 83' lang='lat' dir='ltr'>inlustris</span> <span class='ocrx_word' id='word_1_29' title='bbox 1106 570 1137 620; x_wconf 91' lang='lat' dir='ltr'>et</span> 
     </span>
     <span class='ocr_line' id='line_1_6' title="bbox 133 637 1135 717; baseline 0.007 -22"><span class='ocrx_word' id='word_1_30' title='bbox 133 639 232 695; x_wconf 90' lang='lat' dir='ltr'>mortis</span> <span class='ocrx_word' id='word_1_31' title='bbox 248 646 413 716; x_wconf 88' lang='lat' dir='ltr'>postrema,</span> <span class='ocrx_word' id='word_1_32' title='bbox 436 637 526 695; x_wconf 88' lang='lat' dir='ltr'>veluti</span> <span class='ocrx_word' id='word_1_33' title='bbox 546 655 583 696; x_wconf 91' lang='lat' dir='ltr'>ex</span> <span class='ocrx_word' id='word_1_34' title='bbox 599 639 720 699; x_wconf 90' lang='lat' dir='ltr'>oraculo</span> <span class='ocrx_word' id='word_1_35' title='bbox 738 649 916 717; x_wconf 89' lang='lat' dir='ltr'>praecepta,</span> <span class='ocrx_word' id='word_1_36' title='bbox 937 643 1135 702; x_wconf 86' lang='lat' dir='ltr'>memorabilia</span> 
     </span>
    </p>

    <p class='ocr_par' dir='ltr' id='par_1_5' title="bbox 101 721 1133 889">
     <span class='ocr_line' id='line_1_7' title="bbox 101 721 1133 800; baseline 0.006 -21"><span class='ocrx_word' id='word_1_37' title='bbox 101 721 233 787; x_wconf 72' lang='lat' dir='ltr'>uiuere:</span> <span class='ocrx_word' id='word_1_38' title='bbox 265 721 407 797; x_wconf 89' lang='lat' dir='ltr'>siquidem</span> <span class='ocrx_word' id='word_1_39' title='bbox 431 738 524 779; x_wconf 88' lang='lat' dir='ltr'>senex</span> <span class='ocrx_word' id='word_1_40' title='bbox 544 723 672 780; x_wconf 87' lang='lat' dir='ltr'>moriens</span> <span class='ocrx_word' id='word_1_41' title='bbox 689 724 807 800; x_wconf 84' lang='lat' dir='ltr'>Argaeo</span> <span class='ocrx_word' id='word_1_42' title='bbox 819 722 879 783; x_wconf 89' lang='lat' dir='ltr'>lilio</span> <span class='ocrx_word' id='word_1_43' title='bbox 899 726 1069 784; x_wconf 85' lang='lat' dir='ltr'>monstravit</span> <span class='ocrx_word' id='word_1_44' title='bbox 1091 727 1133 785; x_wconf 94' lang='lat' dir='ltr'>lo·</span> 
     </span>
     <span class='ocr_line' id='line_1_8' title="bbox 132 802 1133 889; baseline 0.004 -26"><span class='ocrx_word' id='word_1_45' title='bbox 132 822 213 878; x_wconf 91' lang='lat' dir='ltr'>cum,</span> <span class='ocrx_word' id='word_1_46' title='bbox 238 821 295 882; x_wconf 92' lang='lat' dir='ltr'>qno</span> <span class='ocrx_word' id='word_1_47' title='bbox 312 802 397 862; x_wconf 92' lang='lat' dir='ltr'>condi</span> <span class='ocrx_word' id='word_1_48' title='bbox 412 803 518 872; x_wconf 90' lang='lat' dir='ltr'>vellet;</span> <span class='ocrx_word' id='word_1_49' title='bbox 542 804 640 887; x_wconf 84' lang='lat' dir='ltr'>ibique</span> <span class='ocrx_word' id='word_1_50' title='bbox 657 822 715 864; x_wconf 90' lang='lat' dir='ltr'>non</span> <span class='ocrx_word' id='word_1_51' title='bbox 732 822 783 863; x_wconf 90' lang='lat' dir='ltr'>sna</span> <span class='ocrx_word' id='word_1_52' title='bbox 800 814 924 889; x_wconf 83' lang='lat' dir='ltr'>tautum,</span> <span class='ocrx_word' id='word_1_53' title='bbox 945 806 999 866; x_wconf 89' lang='lat' dir='ltr'>sed</span> <span class='ocrx_word' id='word_1_54' title='bbox 1024 817 1053 866; x_wconf 91' lang='lat' dir='ltr'>et</span> <span class='ocrx_word' id='word_1_55' title='bbox 1069 827 1133 868; x_wconf 90' lang='lat' dir='ltr'>suc-</span> 
     </span>
    </p>

    <p class='ocr_par' dir='ltr' id='par_1_6' title="bbox 99 886 1135 1048">
     <span class='ocr_line' id='line_1_9' title="bbox 99 886 1135 967; baseline 0.004 -20"><span class='ocrx_word' id='word_1_56' title='bbox 99 900 116 953; x_wconf 82' lang='lat'><strong>3</strong></span> <span class='ocrx_word' id='word_1_57' title='bbox 135 887 296 947; x_wconf 82' lang='lat' dir='ltr'>cedentium</span> <span class='ocrx_word' id='word_1_58' title='bbox 311 886 366 944; x_wconf 90' lang='lat' dir='ltr'>sibi</span> <span class='ocrx_word' id='word_1_59' title='bbox 380 887 409 944; x_wconf 93' lang='lat' dir='ltr'>in</span> <span class='ocrx_word' id='word_1_60' title='bbox 422 904 542 962; x_wconf 89' lang='lat' dir='ltr'>regnum</span> <span class='ocrx_word' id='word_1_61' title='bbox 558 904 626 946; x_wconf 88' lang='lat' dir='ltr'>ossa</span> <span class='ocrx_word' id='word_1_62' title='bbox 642 889 710 964; x_wconf 92' lang='lat' dir='ltr'>poni</span> <span class='ocrx_word' id='word_1_63' title='bbox 728 888 829 964; x_wconf 88' lang='lat' dir='ltr'>iussit,</span> <span class='ocrx_word' id='word_1_64' title='bbox 853 890 1017 967; x_wconf 85' lang='lat' dir='ltr'>praefatus,</span> <span class='ocrx_word' id='word_1_65' title='bbox 1039 892 1135 967; x_wconf 91' lang='lat' dir='ltr'>quoad</span> 
     </span>
     <span class='ocr_line' id='line_1_10' title="bbox 131 970 1133 1048; baseline 0.003 -19"><span class='ocrx_word' id='word_1_66' title='bbox 131 971 171 1029; x_wconf 92' lang='lat' dir='ltr'>ibi</span> <span class='ocrx_word' id='word_1_67' title='bbox 187 970 321 1029; x_wconf 89' lang='lat' dir='ltr'>conditae</span> <span class='ocrx_word' id='word_1_68' title='bbox 337 977 521 1047; x_wconf 88' lang='lat' dir='ltr'>posterormn</span> <span class='ocrx_word' id='word_1_69' title='bbox 539 971 682 1047; x_wconf 87' lang='lat' dir='ltr'>reliquiae</span> <span class='ocrx_word' id='word_1_70' title='bbox 701 970 813 1046; x_wconf 81' lang='lat' dir='ltr'>forent,</span> <span class='ocrx_word' id='word_1_71' title='bbox 841 985 962 1048; x_wconf 87' lang='lat' dir='ltr'>regnum</span> <span class='ocrx_word' id='word_1_72' title='bbox 983 975 1010 1031; x_wconf 93' lang='lat' dir='ltr'>in</span> <span class='ocrx_word' id='word_1_73' title='bbox 1027 974 1133 1035; x_wconf 81' lang='lat' dir='ltr'>familia</span> 
     </span>
    </p>

    <p class='ocr_par' dir='ltr' id='par_1_7' title="bbox 98 1052 1133 1132">
     <span class='ocr_line' id='line_1_11' title="bbox 98 1052 1133 1132; baseline 0.002 -20"><span class='ocrx_word' id='word_1_74' title='bbox 98 1065 117 1116; x_wconf 83' lang='lat'><strong>4</strong></span> <span class='ocrx_word' id='word_1_75' title='bbox 132 1071 308 1118; x_wconf 90' lang='lat' dir='ltr'>mansurum;</span> <span class='ocrx_word' id='word_1_76' title='bbox 326 1052 506 1132; x_wconf 90' lang='lat' dir='ltr'>creduntque</span> <span class='ocrx_word' id='word_1_77' title='bbox 519 1054 573 1112; x_wconf 92' lang='lat' dir='ltr'>hac</span> <span class='ocrx_word' id='word_1_78' title='bbox 586 1055 793 1130; x_wconf 81' lang='lat' dir='ltr'>superstitione</span> <span class='ocrx_word' id='word_1_79' title='bbox 806 1056 962 1115; x_wconf 90' lang='lat' dir='ltr'>extinctam</span> <span class='ocrx_word' id='word_1_80' title='bbox 972 1055 1133 1116; x_wconf 87' lang='lat' dir='ltr'>inAlexan·</span> 
     </span>
    </p>

    <p class='ocr_par' dir='ltr' id='par_1_8' title="bbox 98 1136 1134 1382">
     <span class='ocr_line' id='line_1_12' title="bbox 98 1136 1133 1215; baseline -0.001 -15"><span class='ocrx_word' id='word_1_81' title='bbox 98 1149 114 1200; x_wconf 87' lang='lat'>5</span> <span class='ocrx_word' id='word_1_82' title='bbox 130 1137 183 1196; x_wconf 91' lang='lat' dir='ltr'>dro</span> <span class='ocrx_word' id='word_1_83' title='bbox 199 1139 335 1213; x_wconf 75' lang='lat' dir='ltr'>stirpem,</span> <span class='ocrx_word' id='word_1_84' title='bbox 359 1136 425 1212; x_wconf 88' lang='lat' dir='ltr'>quia</span> <span class='ocrx_word' id='word_1_85' title='bbox 444 1137 539 1194; x_wconf 90' lang='lat' dir='ltr'>locum</span> <span class='ocrx_word' id='word_1_86' title='bbox 556 1137 724 1215; x_wconf 89' lang='lat' dir='ltr'>sepulturae</span> <span class='ocrx_word' id='word_1_87' title='bbox 743 1139 904 1197; x_wconf 84' lang='lat' dir='ltr'>mutaverit.</span> <span class='ocrx_word' id='word_1_88' title='bbox 931 1139 1133 1215; x_wconf 86' lang='lat' dir='ltr'>Argaeusmo-</span> 
     </span>
     <span class='ocr_line' id='line_1_13' title="bbox 129 1218 1133 1297; baseline 0.002 -18"><span class='ocrx_word' id='word_1_89' title='bbox 129 1218 235 1279; x_wconf 79' lang='lat' dir='ltr'>derata</span> <span class='ocrx_word' id='word_1_90' title='bbox 249 1228 278 1276; x_wconf 89' lang='lat' dir='ltr'>et</span> <span class='ocrx_word' id='word_1_91' title='bbox 293 1236 356 1277; x_wconf 80' lang='lat' dir='ltr'>curm</span> <span class='ocrx_word' id='word_1_92' title='bbox 375 1235 473 1277; x_wconf 91' lang='lat' dir='ltr'>amore</span> <span class='ocrx_word' id='word_1_93' title='bbox 490 1220 673 1296; x_wconf 86' lang='lat' dir='ltr'>popularimn</span> <span class='ocrx_word' id='word_1_94' title='bbox 690 1219 885 1280; x_wconf 89' lang='lat' dir='ltr'>administrato</span> <span class='ocrx_word' id='word_1_95' title='bbox 904 1238 996 1297; x_wconf 85' lang='lat' dir='ltr'>regno</span> <span class='ocrx_word' id='word_1_96' title='bbox 1014 1238 1133 1281; x_wconf 89' lang='lat' dir='ltr'>succes·</span> 
     </span>
     <span class='ocr_line' id='line_1_14' title="bbox 130 1300 1134 1382; baseline 0.003 -22"><span class='ocrx_word' id='word_1_97' title='bbox 130 1319 226 1360; x_wconf 87' lang='lat' dir='ltr'>sorem</span> <span class='ocrx_word' id='word_1_98' title='bbox 245 1300 332 1359; x_wconf 87' lang='lat' dir='ltr'>hlium</span> <span class='ocrx_word' id='word_1_99' title='bbox 349 1301 511 1378; x_wconf 84' lang='lat' dir='ltr'>Philippum</span> <span class='ocrx_word' id='word_1_100' title='bbox 531 1302 666 1379; x_wconf 89' lang='lat' dir='ltr'>reliquit:</span> <span class='ocrx_word' id='word_1_101' title='bbox 691 1305 738 1381; x_wconf 91' lang='lat' dir='ltr'>qui</span> <span class='ocrx_word' id='word_1_102' title='bbox 763 1303 901 1363; x_wconf 89' lang='lat' dir='ltr'>inmatura</span> <span class='ocrx_word' id='word_1_103' title='bbox 922 1314 1015 1364; x_wconf 89' lang='lat' dir='ltr'>morte</span> <span class='ocrx_word' id='word_1_104' title='bbox 1033 1314 1134 1382; x_wconf 90' lang='lat' dir='ltr'>raptus</span> 
     </span>
    </p>

    <p class='ocr_par' dir='ltr' id='par_1_9' title="bbox 100 1384 1132 1630">
     <span class='ocr_line' id='line_1_15' title="bbox 100 1384 1132 1461; baseline 0.002 -18"><span class='ocrx_word' id='word_1_105' title='bbox 100 1385 282 1460; x_wconf 83' lang='lat' dir='ltr'>6Aeropum</span> <span class='ocrx_word' id='word_1_106' title='bbox 301 1384 450 1461; x_wconf 89' lang='lat' dir='ltr'>parvulum</span> <span class='ocrx_word' id='word_1_107' title='bbox 472 1384 625 1444; x_wconf 91' lang='lat' dir='ltr'>admodum</span> <span class='ocrx_word' id='word_1_108' title='bbox 640 1387 759 1444; x_wconf 92' lang='lat' dir='ltr'>instituit</span> <span class='ocrx_word' id='word_1_109' title='bbox 779 1387 927 1446; x_wconf 89' lang='lat' dir='ltr'>heredem.</span> <span class='ocrx_word' id='word_1_110' title='bbox 960 1388 1018 1447; x_wconf 88' lang='lat' dir='ltr'>Sed</span> <span class='ocrx_word' id='word_1_111' title='bbox 1035 1387 1132 1448; x_wconf 86' lang='lat' dir='ltr'>Mace·</span> 
     </span>
     <span class='ocr_line' id='line_1_16' title="bbox 130 1466 1132 1546; baseline 0.004 -20"><span class='ocrx_word' id='word_1_112' title='bbox 130 1466 253 1526; x_wconf 90' lang='lat' dir='ltr'>donibus</span> <span class='ocrx_word' id='word_1_113' title='bbox 269 1467 388 1526; x_wconf 91' lang='lat' dir='ltr'>adsidua</span> <span class='ocrx_word' id='word_1_114' title='bbox 412 1469 567 1527; x_wconf 88' lang='lat' dir='ltr'>certamina</span> <span class='ocrx_word' id='word_1_115' title='bbox 591 1485 654 1527; x_wconf 91' lang='lat' dir='ltr'>cum</span> <span class='ocrx_word' id='word_1_116' title='bbox 677 1468 839 1528; x_wconf 89' lang='lat' dir='ltr'>Thracibus</span> <span class='ocrx_word' id='word_1_117' title='bbox 856 1479 885 1529; x_wconf 89' lang='lat' dir='ltr'>et</span> <span class='ocrx_word' id='word_1_118' title='bbox 908 1470 1015 1544; x_wconf 75' lang='lat' dir='ltr'>Illyriis</span> <span class='ocrx_word' id='word_1_119' title='bbox 1036 1472 1132 1546; x_wconf 85' lang='lat' dir='ltr'>luere,</span> 
     </span>
     <span class='ocr_line' id='line_1_17' title="bbox 132 1550 1131 1630; baseline 0.004 -22"><span class='ocrx_word' id='word_1_120' title='bbox 132 1568 252 1627; x_wconf 90' lang='lat' dir='ltr'>quorum</span> <span class='ocrx_word' id='word_1_121' title='bbox 271 1551 357 1608; x_wconf 91' lang='lat' dir='ltr'>armis</span> <span class='ocrx_word' id='word_1_122' title='bbox 374 1550 465 1608; x_wconf 89' lang='lat' dir='ltr'>veluti</span> <span class='ocrx_word' id='word_1_123' title='bbox 481 1552 626 1610; x_wconf 88' lang='lat' dir='ltr'>cotidiano</span> <span class='ocrx_word' id='word_1_124' title='bbox 647 1553 788 1611; x_wconf 91' lang='lat' dir='ltr'>exercitio</span> <span class='ocrx_word' id='word_1_125' title='bbox 802 1554 925 1613; x_wconf 88' lang='lat' dir='ltr'>indurati</span> <span class='ocrx_word' id='word_1_126' title='bbox 936 1554 1031 1630; x_wconf 88' lang='lat' dir='ltr'>gloria</span> <span class='ocrx_word' id='word_1_127' title='bbox 1047 1554 1131 1613; x_wconf 89' lang='lat' dir='ltr'>belli·</span> 
     </span>
    </p>

    <p class='ocr_par' dir='ltr' id='par_1_10' title="bbox 97 1632 1132 1713">
     <span class='ocr_line' id='line_1_18' title="bbox 97 1632 1132 1713; baseline -0.001 -16"><span class='ocrx_word' id='word_1_128' title='bbox 97 1644 113 1698; x_wconf 82' lang='lat'><strong>7</strong></span> <span class='ocrx_word' id='word_1_129' title='bbox 131 1652 183 1693; x_wconf 91' lang='lat' dir='ltr'>cae</span> <span class='ocrx_word' id='word_1_130' title='bbox 195 1632 291 1712; x_wconf 89' lang='lat' dir='ltr'>landis</span> <span class='ocrx_word' id='word_1_131' title='bbox 309 1633 443 1692; x_wconf 81' lang='lat' dir='ltr'>finitimos</span> <span class='ocrx_word' id='word_1_132' title='bbox 460 1633 620 1693; x_wconf 85' lang='lat' dir='ltr'>terrebant.</span> <span class='ocrx_word' id='word_1_133' title='bbox 665 1634 756 1712; x_wconf 82' lang='lat' dir='ltr'>Igitur</span> <span class='ocrx_word' id='word_1_134' title='bbox 771 1635 863 1711; x_wconf 71' lang='lat' dir='ltr'>lllprii</span> <span class='ocrx_word' id='word_1_135' title='bbox 886 1637 1031 1696; x_wconf 84' lang='lat' dir='ltr'>infantiam</span> <span class='ocrx_word' id='word_1_136' title='bbox 1053 1638 1132 1713; x_wconf 86' lang='lat' dir='ltr'>regis</span> 
     </span>
    </p>

    <p class='ocr_par' dir='ltr' id='par_1_11' title="bbox 97 1716 1132 1882">
     <span class='ocr_line' id='line_1_19' title="bbox 97 1716 1132 1796; baseline 0.005 -23"><span class='ocrx_word' id='word_1_137' title='bbox 97 1716 234 1794; x_wconf 71' lang='lat' dir='ltr'>spupilli</span> <span class='ocrx_word' id='word_1_138' title='bbox 257 1724 475 1776; x_wconf 88' lang='lat' dir='ltr'>contemnentes</span> <span class='ocrx_word' id='word_1_139' title='bbox 503 1717 584 1777; x_wconf 92' lang='lat' dir='ltr'>bello</span> <span class='ocrx_word' id='word_1_140' title='bbox 614 1716 792 1778; x_wconf 85' lang='lat' dir='ltr'>Macedonas</span> <span class='ocrx_word' id='word_1_141' title='bbox 815 1720 1031 1796; x_wconf 81' lang='lat' dir='ltr'>adgrediuntur.</span> <span class='ocrx_word' id='word_1_142' title='bbox 1077 1719 1132 1792; x_wconf 81' lang='lat' dir='ltr'>Qui</span> 
     </span>
     <span class='ocr_line' id='line_1_20' title="bbox 130 1798 1131 1882; baseline 0.005 -26"><span class='ocrx_word' id='word_1_143' title='bbox 130 1799 244 1877; x_wconf 89' lang='lat' dir='ltr'>proelio</span> <span class='ocrx_word' id='word_1_144' title='bbox 263 1798 338 1876; x_wconf 90' lang='lat' dir='ltr'>pulsi</span> <span class='ocrx_word' id='word_1_145' title='bbox 353 1818 426 1876; x_wconf 88' lang='lat' dir='ltr'>rege</span> <span class='ocrx_word' id='word_1_146' title='bbox 441 1818 494 1860; x_wconf 92' lang='lat' dir='ltr'>suo</span> <span class='ocrx_word' id='word_1_147' title='bbox 510 1801 538 1858; x_wconf 93' lang='lat' dir='ltr'>in</span> <span class='ocrx_word' id='word_1_148' title='bbox 557 1801 638 1859; x_wconf 89' lang='lat' dir='ltr'>cunis</span> <span class='ocrx_word' id='word_1_149' title='bbox 654 1802 769 1878; x_wconf 90' lang='lat' dir='ltr'>prolato</span> <span class='ocrx_word' id='word_1_150' title='bbox 788 1812 819 1862; x_wconf 92' lang='lat' dir='ltr'>et</span> <span class='ocrx_word' id='word_1_151' title='bbox 834 1820 910 1880; x_wconf 90' lang='lat' dir='ltr'>pone</span> <span class='ocrx_word' id='word_1_152' title='bbox 925 1806 1018 1863; x_wconf 90' lang='lat' dir='ltr'>aciem</span> <span class='ocrx_word' id='word_1_153' title='bbox 1035 1804 1131 1882; x_wconf 91' lang='lat' dir='ltr'>posito</span> 
     </span>
    </p>

    <p class='ocr_par' dir='ltr' id='par_1_12' title="bbox 97 1879 1131 2046">
     <span class='ocr_line' id='line_1_21' title="bbox 97 1879 1131 1963; baseline 0 -20"><span class='ocrx_word' id='word_1_154' title='bbox 97 1896 114 1948; x_wconf 88' lang='lat'><strong>9</strong></span> <span class='ocrx_word' id='word_1_155' title='bbox 130 1884 224 1943; x_wconf 85' lang='lat' dir='ltr'>acrius</span> <span class='ocrx_word' id='word_1_156' title='bbox 241 1879 388 1942; x_wconf 82' lang='lat' dir='ltr'>certamen</span> <span class='ocrx_word' id='word_1_157' title='bbox 409 1885 592 1961; x_wconf 86' lang='lat' dir='ltr'>repetivere,</span> <span class='ocrx_word' id='word_1_158' title='bbox 622 1893 766 1963; x_wconf 88' lang='lat' dir='ltr'>tamquam</span> <span class='ocrx_word' id='word_1_159' title='bbox 783 1885 851 1945; x_wconf 92' lang='lat' dir='ltr'>ideo</span> <span class='ocrx_word' id='word_1_160' title='bbox 870 1887 940 1944; x_wconf 88' lang='lat' dir='ltr'>victi</span> <span class='ocrx_word' id='word_1_161' title='bbox 963 1895 1047 1945; x_wconf 86' lang='lat' dir='ltr'>antea</span> <span class='ocrx_word' id='word_1_162' title='bbox 1062 1887 1131 1945; x_wconf 91' lang='lat' dir='ltr'>fuis-</span> 
     </span>
     <span class='ocr_line' id='line_1_22' title="bbox 130 1965 1129 2046; baseline 0.001 -20"><span class='ocrx_word' id='word_1_163' title='bbox 130 1975 210 2042; x_wconf 92' lang='lat' dir='ltr'>sent,</span> <span class='ocrx_word' id='word_1_164' title='bbox 234 1966 312 2044; x_wconf 91' lang='lat' dir='ltr'>quod</span> <span class='ocrx_word' id='word_1_165' title='bbox 338 1966 512 2027; x_wconf 86' lang='lat' dir='ltr'>bellantibus</span> <span class='ocrx_word' id='word_1_166' title='bbox 538 1965 594 2027; x_wconf 90' lang='lat' dir='ltr'>sibi</span> <span class='ocrx_word' id='word_1_167' title='bbox 617 1969 697 2044; x_wconf 88' lang='lat' dir='ltr'>regis</span> <span class='ocrx_word' id='word_1_168' title='bbox 724 1970 768 2028; x_wconf 90' lang='lat' dir='ltr'>sui</span> <span class='ocrx_word' id='word_1_169' title='bbox 795 1969 924 2046; x_wconf 87' lang='lat' dir='ltr'>auspicia</span> <span class='ocrx_word' id='word_1_170' title='bbox 951 1968 1129 2027; x_wconf 86' lang='lat' dir='ltr'>defuissent:</span> 
     </span>
    </p>

    <p class='ocr_par' dir='ltr' id='par_1_13' title="bbox 38 2046 1131 2129">
     <span class='ocr_line' id='line_1_23' title="bbox 38 2046 1131 2129; baseline 0 -20"><span class='ocrx_word' id='word_1_171' title='bbox 38 2049 41 2052; x_wconf 79' lang='grc'><strong>’</strong></span> <span class='ocrx_word' id='word_1_172' title='bbox 88 2051 214 2115; x_wconf 71' lang='lat' dir='ltr'>soluturi</span> <span class='ocrx_word' id='word_1_173' title='bbox 230 2051 278 2110; x_wconf 89' lang='lat' dir='ltr'>vel</span> <span class='ocrx_word' id='word_1_174' title='bbox 297 2059 455 2128; x_wconf 91' lang='lat' dir='ltr'>propterea</span> <span class='ocrx_word' id='word_1_175' title='bbox 471 2053 618 2128; x_wconf 87' lang='lat' dir='ltr'>victores,</span> <span class='ocrx_word' id='word_1_176' title='bbox 643 2052 720 2129; x_wconf 87' lang='lat' dir='ltr'>quod</span> <span class='ocrx_word' id='word_1_177' title='bbox 737 2069 774 2110; x_wconf 93' lang='lat' dir='ltr'>ex</span> <span class='ocrx_word' id='word_1_178' title='bbox 788 2053 994 2128; x_wconf 88' lang='lat' dir='ltr'>superstitione</span> <span class='ocrx_word' id='word_1_179' title='bbox 1009 2046 1131 2109; x_wconf 78' lang='lat' dir='ltr'>animum</span> 
     </span>
    </p>

    <p class='ocr_par' dir='ltr' id='par_1_14' title="bbox 87 2133 1130 2295">
     <span class='ocr_line' id='line_1_24' title="bbox 87 2133 1130 2211; baseline 0.001 -20"><span class='ocrx_word' id='word_1_180' title='bbox 87 2147 118 2199; x_wconf 89' lang='lat'>11</span> <span class='ocrx_word' id='word_1_181' title='bbox 129 2133 262 2192; x_wconf 85' lang='lat' dir='ltr'>vincendi</span> <span class='ocrx_word' id='word_1_182' title='bbox 282 2143 436 2211; x_wconf 85' lang='lat' dir='ltr'>ceperant;</span> <span class='ocrx_word' id='word_1_183' title='bbox 461 2135 545 2193; x_wconf 91' lang='lat' dir='ltr'>simul</span> <span class='ocrx_word' id='word_1_184' title='bbox 571 2144 601 2193; x_wconf 88' lang='lat' dir='ltr'>et</span> <span class='ocrx_word' id='word_1_185' title='bbox 620 2135 767 2193; x_wconf 90' lang='lat' dir='ltr'>miseratio</span> <span class='ocrx_word' id='word_1_186' title='bbox 789 2150 842 2192; x_wconf 89' lang='lat' dir='ltr'>eos</span> <span class='ocrx_word' id='word_1_187' title='bbox 863 2134 978 2194; x_wconf 85' lang='lat' dir='ltr'>infantis</span> <span class='ocrx_word' id='word_1_188' title='bbox 1001 2133 1130 2209; x_wconf 85' lang='lat' dir='ltr'>tenebat,</span> 
     </span>
     <span class='ocr_line' id='line_1_25' title="bbox 130 2202 1128 2295; baseline -0.001 -20"><span class='ocrx_word' id='word_1_189' title='bbox 130 2234 231 2294; x_wconf 90' lang='lat' dir='ltr'>quem,</span> <span class='ocrx_word' id='word_1_190' title='bbox 256 2218 280 2276; x_wconf 91' lang='lat' dir='ltr'>si</span> <span class='ocrx_word' id='word_1_191' title='bbox 294 2218 362 2275; x_wconf 89' lang='lat' dir='ltr'>victi</span> <span class='ocrx_word' id='word_1_192' title='bbox 383 2217 495 2292; x_wconf 85' lang='lat' dir='ltr'>forent,</span> <span class='ocrx_word' id='word_1_193' title='bbox 520 2219 664 2295; x_wconf 86' lang='lat' dir='ltr'>captivum</span> <span class='ocrx_word' id='word_1_194' title='bbox 679 2217 716 2276; x_wconf 88' lang='lat' dir='ltr'>da</span> <span class='ocrx_word' id='word_1_195' title='bbox 736 2234 809 2294; x_wconf 87' lang='lat' dir='ltr'>rege</span> <span class='ocrx_word' id='word_1_196' title='bbox 827 2217 931 2277; x_wconf 83' lang='lat' dir='ltr'>facturi</span> <span class='ocrx_word' id='word_1_197' title='bbox 947 2202 1128 2277; x_wconf 76' lang='lat' dir='ltr'>videbantur.</span> 
     </span>
    </p>

    <p class='ocr_par' dir='ltr' id='par_1_15' title="bbox 87 2299 1129 2461">
     <span class='ocr_line' id='line_1_26' title="bbox 87 2299 1129 2377; baseline -0.004 -15"><span class='ocrx_word' id='word_1_198' title='bbox 87 2311 120 2364; x_wconf 76' lang='lat'>12</span> <span class='ocrx_word' id='word_1_199' title='bbox 129 2299 271 2359; x_wconf 87' lang='lat' dir='ltr'>Conserto</span> <span class='ocrx_word' id='word_1_200' title='bbox 287 2299 384 2377; x_wconf 89' lang='lat' dir='ltr'>itaque</span> <span class='ocrx_word' id='word_1_201' title='bbox 399 2299 631 2377; x_wconf 84' lang='lat' dir='ltr'>proelio-magna</span> <span class='ocrx_word' id='word_1_202' title='bbox 650 2300 741 2360; x_wconf 85' lang='lat' dir='ltr'>caede</span> <span class='ocrx_word' id='word_1_203' title='bbox 757 2300 874 2374; x_wconf 73' lang='lat' dir='ltr'>illyrios</span> <span class='ocrx_word' id='word_1_204' title='bbox 888 2299 1010 2376; x_wconf 88' lang='lat' dir='ltr'>indere,</span> <span class='ocrx_word' id='word_1_205' title='bbox 1033 2310 1129 2359; x_wconf 92' lang='lat' dir='ltr'>osten-</span> 
     </span>
     <span class='ocr_line' id='line_1_27' title="bbox 127 2375 1128 2461; baseline 0 -20"><span class='ocrx_word' id='word_1_206' title='bbox 127 2382 290 2460; x_wconf 90' lang='lat' dir='ltr'>deruntque</span> <span class='ocrx_word' id='word_1_207' title='bbox 313 2381 447 2443; x_wconf 88' lang='lat' dir='ltr'>hostibus</span> <span class='ocrx_word' id='word_1_208' title='bbox 470 2385 530 2457; x_wconf 86' lang='lat' dir='ltr'>suis</span> <span class='ocrx_word' id='word_1_209' title='bbox 549 2385 648 2461; x_wconf 90' lang='lat' dir='ltr'>priore</span> <span class='ocrx_word' id='word_1_210' title='bbox 671 2375 763 2443; x_wconf 77' lang='lat' dir='ltr'>bello&#39;</span> <span class='ocrx_word' id='word_1_211' title='bbox 777 2401 879 2461; x_wconf 88' lang='lat' dir='ltr'>regem</span> <span class='ocrx_word' id='word_1_212' title='bbox 908 2383 1128 2456; x_wconf 85' lang='lat' dir='ltr'>Macedonibus,</span> 
     </span>
    </p>

    <p class='ocr_par' dir='ltr' id='par_1_16' title="bbox 86 2465 1130 2627">
     <span class='ocr_line' id='line_1_28' title="bbox 86 2465 1130 2544; baseline 0.001 -21"><span class='ocrx_word' id='word_1_213' title='bbox 86 2478 185 2531; x_wconf 86' lang='lat' dir='ltr'>13non</span> <span class='ocrx_word' id='word_1_214' title='bbox 199 2466 331 2525; x_wconf 90' lang='lat' dir='ltr'>virtutem</span> <span class='ocrx_word' id='word_1_215' title='bbox 355 2465 494 2525; x_wconf 81' lang='lat' dir='ltr'>defuisse.</span> <span class='ocrx_word' id='word_1_216' title='bbox 539 2466 613 2526; x_wconf 88' lang='lat' dir='ltr'>lluic</span> <span class='ocrx_word' id='word_1_217' title='bbox 639 2467 778 2541; x_wconf 78' lang='lat' dir='ltr'>Amyntas</span> <span class='ocrx_word' id='word_1_218' title='bbox 807 2467 938 2527; x_wconf 91' lang='lat' dir='ltr'>succedit</span> <span class='ocrx_word' id='word_1_219' title='bbox 960 2476 989 2524; x_wconf 92' lang='lat' dir='ltr'>et</span> <span class='ocrx_word' id='word_1_220' title='bbox 1011 2465 1130 2544; x_wconf 89' lang='lat' dir='ltr'>propria</span> 
     </span>
     <span class='ocr_line' id='line_1_29' title="bbox 127 2543 1128 2627; baseline 0.002 -23"><span class='ocrx_word' id='word_1_221' title='bbox 127 2551 233 2607; x_wconf 87' lang='lat' dir='ltr'>virtute</span> <span class='ocrx_word' id='word_1_222' title='bbox 260 2557 288 2607; x_wconf 92' lang='lat' dir='ltr'>et</span> <span class='ocrx_word' id='word_1_223' title='bbox 312 2549 472 2609; x_wconf 81' lang='lat' dir='ltr'>Alexandri</span> <span class='ocrx_word' id='word_1_224' title='bbox 493 2543 546 2610; x_wconf 83' lang='lat' dir='ltr'>fild</span> <span class='ocrx_word' id='word_1_225' title='bbox 569 2551 689 2627; x_wconf 88' lang='lat' dir='ltr'>egregia</span> <span class='ocrx_word' id='word_1_226' title='bbox 716 2550 814 2609; x_wconf 90' lang='lat' dir='ltr'>indole</span> <span class='ocrx_word' id='word_1_227' title='bbox 841 2543 992 2626; x_wconf 83' lang='lat' dir='ltr'>insigniter</span> <span class='ocrx_word' id='word_1_228' title='bbox 1017 2549 1128 2608; x_wconf 88' lang='lat' dir='ltr'>clarus:</span> 
     </span>
    </p>

    <p class='ocr_par' dir='ltr' id='par_1_17' title="bbox 86 2629 1129 2872">
     <span class='ocr_line' id='line_1_30' title="bbox 86 2629 1129 2695; baseline -0.006 0"><span class='ocrx_word' id='word_1_229' title='bbox 86 2643 120 2695; x_wconf 82' lang='lat'>14</span> <span class='ocrx_word' id='word_1_230' title='bbox 128 2634 173 2690; x_wconf 88' lang='lat' dir='ltr'>cui</span> <span class='ocrx_word' id='word_1_231' title='bbox 192 2629 370 2694; x_wconf 87' lang='lat' dir='ltr'>Alexandro.</span> <span class='ocrx_word' id='word_1_232' title='bbox 385 2641 462 2692; x_wconf 89' lang='lat' dir='ltr'>tanta</span> <span class='ocrx_word' id='word_1_233' title='bbox 485 2634 608 2693; x_wconf 91' lang='lat' dir='ltr'>omnium</span> <span class='ocrx_word' id='word_1_234' title='bbox 625 2633 759 2691; x_wconf 89' lang='lat' dir='ltr'>virtutum</span> <span class='ocrx_word' id='word_1_235' title='bbox 779 2635 879 2692; x_wconf 83' lang='lat' dir='ltr'>natura</span> <span class='ocrx_word' id='word_1_236' title='bbox 895 2641 1060 2692; x_wconf 86' lang='lat' dir='ltr'>ornamenta</span> <span class='ocrx_word' id='word_1_237' title='bbox 1079 2649 1129 2689; x_wconf 88' lang='lat' dir='ltr'>ex·</span> 
     </span>
     <span class='ocr_line' id='line_1_31' title="bbox 127 2716 1128 2795; baseline -0.004 -21"><span class='ocrx_word' id='word_1_238' title='bbox 127 2717 229 2790; x_wconf 89' lang='lat' dir='ltr'>titere,</span> <span class='ocrx_word' id='word_1_239' title='bbox 250 2724 280 2774; x_wconf 90' lang='lat' dir='ltr'>ut</span> <span class='ocrx_word' id='word_1_240' title='bbox 297 2717 383 2776; x_wconf 86' lang='lat' dir='ltr'>etiam</span> <span class='ocrx_word' id='word_1_241' title='bbox 399 2716 710 2795; x_wconf 64' lang='lat' dir='ltr'>,Olympioc‘ertamine</span> <span class='ocrx_word' id='word_1_242' title='bbox 725 2716 806 2776; x_wconf 89' lang='lat' dir='ltr'>vario</span> <span class='ocrx_word' id='word_1_243' title='bbox 823 2716 1000 2775; x_wconf 89' lang='lat' dir='ltr'>ludicrorum</span> <span class='ocrx_word' id='word_1_244' title='bbox 1018 2731 1128 2792; x_wconf 79' lang='lat' dir='ltr'>genere</span> 
     </span>
     <span class='ocr_line' id='line_1_32' title="bbox 126 2798 1059 2872; baseline 0 -13"><span class='ocrx_word' id='word_1_245' title='bbox 126 2798 329 2872; x_wconf 88' lang='lat' dir='ltr'>contenderit:</span> <span class='ocrx_word' id='word_1_246' title='bbox 1052 2803 1059 2815; x_wconf 93' lang='grc'><strong>’</strong></span> 
     </span>
    </p>

    <p class='ocr_par' dir='ltr' id='par_1_18' title="bbox 99 2879 1138 3210">
     <span class='ocr_line' id='line_1_33' title="bbox 99 2879 1138 2960; baseline -0.01 -15"><span class='ocrx_word' id='word_1_247' title='bbox 99 2895 113 2945; x_wconf 96' lang='grc'>1</span> <span class='ocrx_word' id='word_1_248' title='bbox 189 2884 217 2945; x_wconf 87' lang='grc'>3.</span> <span class='ocrx_word' id='word_1_249' title='bbox 248 2900 311 2941; x_wconf 89' lang='lat' dir='ltr'>curn</span> <span class='ocrx_word' id='word_1_250' title='bbox 327 2883 439 2942; x_wconf 88' lang='lat' dir='ltr'>interim</span> <span class='ocrx_word' id='word_1_251' title='bbox 454 2881 568 2941; x_wconf 89' lang='lat' dir='ltr'>Dareus</span> <span class='ocrx_word' id='word_1_252' title='bbox 588 2900 643 2940; x_wconf 88' lang='lat' dir='ltr'>rex</span> <span class='ocrx_word' id='word_1_253' title='bbox 664 2880 835 2956; x_wconf 84' lang='lat' dir='ltr'>Persarum,</span> <span class='ocrx_word' id='word_1_254' title='bbox 856 2883 932 2960; x_wconf 89' lang='lat' dir='ltr'>turpi</span> <span class='ocrx_word' id='word_1_255' title='bbox 952 2883 987 2940; x_wconf 87' lang='lat' dir='ltr'>ab</span> <span class='ocrx_word' id='word_1_256' title='bbox 1002 2879 1138 2952; x_wconf 75' lang='lat' dir='ltr'>&#39;Scythia</span> 
     </span>
     <span class='ocr_line' id='line_1_34' title="bbox 125 2962 1128 3044; baseline -0.004 -21"><span class='ocrx_word' id='word_1_257' title='bbox 125 2964 193 3042; x_wconf 84' lang='lat' dir='ltr'>luga</span> <span class='ocrx_word' id='word_1_258' title='bbox 211 2963 375 3039; x_wconf 77' lang='lat' dir='ltr'>submotus,</span> <span class='ocrx_word' id='word_1_259' title='bbox 398 2984 434 3024; x_wconf 91' lang='lat' dir='ltr'>ne</span> <span class='ocrx_word' id='word_1_260' title='bbox 454 2965 562 3044; x_wconf 91' lang='lat' dir='ltr'>ubique</span> <span class='ocrx_word' id='word_1_261' title='bbox 578 2964 718 3024; x_wconf 85' lang='lat' dir='ltr'>deformis</span> <span class='ocrx_word' id='word_1_262' title='bbox 734 2966 851 3025; x_wconf 87' lang='lat' dir='ltr'>militiae</span> <span class='ocrx_word' id='word_1_263' title='bbox 872 2965 981 3024; x_wconf 89' lang='lat' dir='ltr'>damnis</span> <span class='ocrx_word' id='word_1_264' title='bbox 1005 2962 1128 3021; x_wconf 90' lang='lat' dir='ltr'>habere·</span> 
     </span>
     <span class='ocr_line' id='line_1_35' title="bbox 124 3042 1129 3127; baseline -0.006 -22"><span class='ocrx_word' id='word_1_265' title='bbox 124 3057 185 3123; x_wconf 91' lang='lat' dir='ltr'>tur,</span> <span class='ocrx_word' id='word_1_266' title='bbox 205 3049 289 3108; x_wconf 85' lang='lat' dir='ltr'>mittit</span> <span class='ocrx_word' id='word_1_267' title='bbox 311 3056 475 3127; x_wconf 83' lang='lat' dir='ltr'>camparte</span> <span class='ocrx_word' id='word_1_268' title='bbox 499 3049 648 3125; x_wconf 90' lang='lat' dir='ltr'>copiarum</span> <span class='ocrx_word' id='word_1_269' title='bbox 669 3046 860 3123; x_wconf 84' lang='lat' dir='ltr'>Megabaaum</span> <span class='ocrx_word' id='word_1_270' title='bbox 880 3047 917 3106; x_wconf 91' lang='lat' dir='ltr'>ad</span> <span class='ocrx_word' id='word_1_271' title='bbox 939 3042 1129 3119; x_wconf 80' lang='lat' dir='ltr'>subigendam</span> 
     </span>
     <span class='ocr_line' id='line_1_36' title="bbox 124 3124 1129 3210; baseline -0.005 -22"><span class='ocrx_word' id='word_1_272' title='bbox 124 3127 275 3190; x_wconf 79' lang='lat' dir='ltr'>Thraciam</span> <span class='ocrx_word' id='word_1_273' title='bbox 292 3133 529 3210; x_wconf 86' lang='lat' dir='ltr'>ceteraqoeeius</span> <span class='ocrx_word' id='word_1_274' title='bbox 550 3139 660 3190; x_wconf 88' lang='lat' dir='ltr'>tractus</span> <span class='ocrx_word' id='word_1_275' title='bbox 681 3148 786 3207; x_wconf 86' lang='lat' dir='ltr'>regna:</span> <span class='ocrx_word' id='word_1_276' title='bbox 811 3129 914 3206; x_wconf 89' lang='lat' dir='ltr'>quibus</span> <span class='ocrx_word' id='word_1_277' title='bbox 935 3145 988 3207; x_wconf 88' lang='lat' dir='ltr'>pro</span> <span class='ocrx_word' id='word_1_278' title='bbox 1007 3124 1129 3203; x_wconf 83' lang='lat' dir='ltr'>ignobili</span> 
     </span>
    </p>

    <p class='ocr_par' dir='ltr' id='par_1_19' title="bbox 95 3212 1128 3456">
     <span class='ocr_line' id='line_1_37' title="bbox 95 3212 1127 3286; baseline -0.009 -11"><span class='ocrx_word' id='word_1_279' title='bbox 95 3224 269 3275; x_wconf 78' lang='lat' dir='ltr'>aucmento</span> <span class='ocrx_word' id='word_1_280' title='bbox 297 3223 360 3274; x_wconf 86' lang='lat' dir='ltr'>erat</span> <span class='ocrx_word' id='word_1_281' title='bbox 386 3225 544 3275; x_wconf 88' lang='lat' dir='ltr'>accessura</span> <span class='ocrx_word' id='word_1_282' title='bbox 569 3212 752 3273; x_wconf 86' lang='lat' dir='ltr'>lllacedonia.</span> <span class='ocrx_word' id='word_1_283' title='bbox 804 3212 859 3285; x_wconf 81' lang='lat' dir='ltr'>Qui</span> <span class='ocrx_word' id='word_1_284' title='bbox 884 3212 968 3271; x_wconf 79' lang='lat' dir='ltr'>brevi</span> <span class='ocrx_word' id='word_1_285' title='bbox 994 3220 1127 3286; x_wconf 89' lang='lat' dir='ltr'>tempore</span> 
     </span>
     <span class='ocr_line' id='line_1_38' title="bbox 126 3290 1128 3375; baseline -0.004 -21"><span class='ocrx_word' id='word_1_286' title='bbox 126 3306 251 3356; x_wconf 82' lang='lat' dir='ltr'>exacuto</span> <span class='ocrx_word' id='word_1_287' title='bbox 278 3298 358 3373; x_wconf 84' lang='lat' dir='ltr'>regis</span> <span class='ocrx_word' id='word_1_288' title='bbox 380 3299 502 3375; x_wconf 88' lang='lat' dir='ltr'>imperio</span> <span class='ocrx_word' id='word_1_289' title='bbox 518 3295 625 3372; x_wconf 90' lang='lat' dir='ltr'>legatis</span> <span class='ocrx_word' id='word_1_290' title='bbox 640 3296 676 3355; x_wconf 88' lang='lat' dir='ltr'>ad</span> <span class='ocrx_word' id='word_1_291' title='bbox 692 3297 844 3370; x_wconf 78' lang='lat' dir='ltr'>Amyntam</span> <span class='ocrx_word' id='word_1_292' title='bbox 866 3312 969 3371; x_wconf 85' lang='lat' dir='ltr'>regem</span> <span class='ocrx_word' id='word_1_293' title='bbox 990 3290 1128 3353; x_wconf 83' lang='lat' dir='ltr'>Macedo·</span> 
     </span>
     <span class='ocr_line' id='line_1_39' title="bbox 123 3377 1127 3456; baseline -0.004 -20"><span class='ocrx_word' id='word_1_294' title='bbox 123 3381 189 3437; x_wconf 84' lang='lat' dir='ltr'>niae</span> <span class='ocrx_word' id='word_1_295' title='bbox 211 3381 306 3438; x_wconf 87' lang='lat' dir='ltr'>missis</span> <span class='ocrx_word' id='word_1_296' title='bbox 330 3379 451 3440; x_wconf 86' lang='lat' dir='ltr'>obsides</span> <span class='ocrx_word' id='word_1_297' title='bbox 471 3381 499 3438; x_wconf 88' lang='lat' dir='ltr'>in</span> <span class='ocrx_word' id='word_1_298' title='bbox 522 3380 626 3456; x_wconf 85' lang='lat' dir='ltr'>pignus</span> <span class='ocrx_word' id='word_1_299' title='bbox 646 3379 760 3439; x_wconf 81' lang='lat' dir='ltr'>futurae</span> <span class='ocrx_word' id='word_1_300' title='bbox 783 3380 864 3455; x_wconf 85' lang='lat' dir='ltr'>pacis</span> <span class='ocrx_word' id='word_1_301' title='bbox 882 3379 943 3437; x_wconf 87' lang='lat' dir='ltr'>dari</span> <span class='ocrx_word' id='word_1_302' title='bbox 957 3377 1013 3437; x_wconf 87' lang='lat' dir='ltr'>sibi</span> <span class='ocrx_word' id='word_1_303' title='bbox 1027 3382 1127 3455; x_wconf 91' lang='lat' dir='ltr'>postu·</span> 
     </span>
    </p>

    <p class='ocr_par' dir='ltr' id='par_1_20' title="bbox 96 3460 1127 3539">
     <span class='ocr_line' id='line_1_40' title="bbox 96 3460 1127 3539; baseline -0.009 -16"><span class='ocrx_word' id='word_1_304' title='bbox 96 3460 211 3523; x_wconf 83' lang='lat' dir='ltr'>3labat.</span> <span class='ocrx_word' id='word_1_305' title='bbox 230 3460 289 3519; x_wconf 86' lang='lat' dir='ltr'>Sed</span> <span class='ocrx_word' id='word_1_306' title='bbox 304 3461 393 3535; x_wconf 85' lang='lat' dir='ltr'>legati</span> <span class='ocrx_word' id='word_1_307' title='bbox 408 3462 534 3538; x_wconf 86' lang='lat' dir='ltr'>benigne</span> <span class='ocrx_word' id='word_1_308' title='bbox 552 3463 669 3539; x_wconf 83' lang='lat' dir='ltr'>excepti</span> <span class='ocrx_word' id='word_1_309' title='bbox 681 3463 756 3521; x_wconf 88' lang='lat' dir='ltr'>inter</span> <span class='ocrx_word' id='word_1_310' title='bbox 771 3460 873 3539; x_wconf 88' lang='lat' dir='ltr'>epulas</span> <span class='ocrx_word' id='word_1_311' title='bbox 890 3461 1033 3521; x_wconf 88' lang='lat' dir='ltr'>ebrietate</span> <span class='ocrx_word' id='word_1_312' title='bbox 1046 3474 1127 3518; x_wconf 87' lang='lat' dir='ltr'>cres·</span> 
     </span>
    </p>
   </div>
   <div class='ocr_carea' id='block_1_4' title="bbox 0 0 1226 3975">
    <p class='ocr_par' dir='ltr' id='par_1_21' title="bbox 0 0 1226 3975">
     <span class='ocr_line' id='line_1_41' title="bbox 0 0 1226 3975; baseline 0 3"><span class='ocrx_word' id='word_1_313' title='bbox 0 0 1226 3975; x_wconf 95' lang='lat' dir='ltr'> </span> 
     </span>
    </p>
   </div>
  </div>
 </body>
</html>
