2442 3975
510 240 763 290 nnoo1noru1>n1
840 292 843 298 ,
885 237 888 242 ’

470 588 688 685 'uranu
728 611 757 683 1.

100 831 114 880 1
186 814 211 870 1.
226 778 380 889 Principio
396 827 491 885 rerum
507 812 634 885 gentium
652 809 853 886 nationumque
868 792 1019 948 imqedium
1034 824 1125 885 penes

97 902 101 907 ’
126 913 213 972 reges
229 902 305 969 erat,
323 911 396 971 quos
418 892 454 952 ad
474 893 620 969 fastigium
644 892 726 950 huius
746 892 901 968 maiestatis
943 908 980 949 on
1007 888 1124 948 ambitio

126 979 290 1059 popularis,
314 977 365 1035 sed
387 984 519 1054 spectata
541 977 615 1035 inter
636 975 730 1034 bonos
750 975 910 1034 moderatio
935 972 1125 1051 provehebat.

100 1061 255 1141 2Populus
270 1061 355 1119 nullis
370 1058 485 1135 legibus
498 1058 665 1118 tenebatur:
682 1058 799 1118 arbitria
811 1049 972 1136 principum
1020 1073 1036 1115 o
1052 1057 1125 1132 legi·

100 1147 180 1212 abus
201 1152 292 1204 erant.
335 1142 423 1202 Fines
443 1144 556 1221 imperii
579 1144 653 1202 tueri
676 1143 767 1218 magis
795 1160 878 1219 quam
904 1140 975 1219 prol
1024 1148 1125 1219 emos
1198 1145 1204 1157 '

98 1237 203 1294 derat:
225 1230 298 1286 intra
314 1244 391 1306 suam
414 1227 658 1305 cuiquepatriam
679 1243 770 1301 regna
793 1224 987 1283 liniebantur..
1016 1223 1126 1281 Primus

126 1314 250 1372 omnium
264 1310 366 1386 Nirms,
381 1328 435 1368 rex
446 1309 644 1383 Assyriorum,
657 1317 788 1367 veterem
803 1317 831 1368 et
845 1309 925 1386 quasi
938 1301 1043 1366 avitum
1055 1324 1125 1382 gen·
1150 1306 1159 1323 '

98 1395 203 1461 atibus
225 1411 334 1452 morem
362 1410 437 1452 nova
457 1393 568 1471 imperii
591 1392 746 1470 cupiditate
767 1393 894 1450 mutavit.
937 1386 1003 1449 Hic¹
1019 1392 1125 1468 primus

26 1498 28 1502 ⁴
125 1477 217 1537 intulit
232 1476 310 1536 bella
328 1477 450 1536 finitimis
468 1486 498 1534 et
512 1475 599 1534 rudes
622 1475 716 1535 adhuc
735 1476 771 1535 ad
788 1473 977 1534 resistendum
1000 1472 1126 1551 populos

99 1561 266 1626 fiterminos
284 1559 374 1637 u'sque
394 1558 502 1634 Libyae
523 1558 695 1637 perdomuit.
729 1558 833 1621 *Fuere
854 1558 968 1635 quidem
988 1555 1124 1633 tempori·

125 1645 179 1703 bus
207 1644 385 1721 antiquiores
403 1642 520 1702 Sesosis
543 1642 673 1720 Aegypti
696 1651 725 1700 et
747 1641 883 1719 Scythiae
926 1654 981 1694 rex
1005 1633 1127 1708 Tanaus,
1152 1637 1160 1652 ·

99 1738 114 1793 7
129 1745 248 1806 quorum
265 1726 339 1786 alter
352 1727 380 1784 in
396 1724 526 1802 Pontum,
539 1726 614 1785 alter
629 1744 720 1803 usque
734 1724 900 1802 Aegyptum
912 1723 1048 1782 excessit.
1068 1720 1126 1780 Sed

29 1852 31 1855 -
125 1811 296 1887 longinqua,
317 1827 376 1868 non
390 1809 508 1868 finitima
530 1808 608 1868 bella
630 1807 788 1885 gerebant,
811 1825 868 1866 uec
888 1807 1038 1885 imperium
1060 1805 1125 1879 sibi,

125 1893 178 1953 sed
199 1893 315 1972 populis
338 1892 397 1952 suis
420 1892 544 1969 gloriam
569 1891 762 1969 quaerebant,
794 1892 979 1967 contentique
1003 1889 1126 1947 victoria

124 1978 245 2056 imperio
261 1975 452 2037 abstinebant.
496 1976 585 2036 Ninus
599 1975 820 2052 magnitudinem
835 1974 983 2052 quaesitae
1000 1970 1125 2030 domina-

97 2061 212 2126 &tionis
231 2062 364 2120 contiuua
385 2060 575 2137 possessione
598 2061 729 2119 firmavit.
772 2058 893 2116 Domitia
917 2057 1005 2132 igitur
1027 2056 1128 2133 proxi

124 2146 177 2203 mis
200 2162 263 2202 cum
285 2145 457 2202 accessione
473 2143 574 2201 virium
591 2143 695 2201 for-tior
712 2142 747 2201 ad
763 2141 835 2201 alios
852 2141 987 2200 transiret
1009 2136 1042 2197 et'
1059 2154 1125 2215 pro·

125 2229 200 2287 xima
217 2242 348 2304 quaeque
369 2226 491 2285 victoria
512 2226 727 2284 instrumentum
751 2226 898 2303 sequentis
922 2232 1017 2298 esset,
1039 2223 1126 2280 totius

96 2312 244 2373 borientis
273 2309 399 2387 populos
424 2308 549 2385 subegit.
593 2308 773 2368 Postremum
793 2306 900 2366 bellum
922 2306 963 2365 illi
988 2306 1041 2365 luit
1063 2319 1126 2361 cum

125 2394 294 2468 Zoroastre,
310 2409 382 2468 rege
397 2391 630 2467 Bactrianorum,
648 2392 696 2470 qui
715 2393 822 2469 primus
847 2389 949 2449 dicitur
971 2398 1048 2449 artes
1068 2406 1124 2447 ma·
1148 2443 1155 2459 ,

126 2478 209 2553 giras
224 2477 371 2534 invenisse
389 2484 418 2534 et
433 2475 528 2534 mnndi
543 2477 685 2554 principia
703 2474 885 2551 siderumque
897 2482 992 2532 motus
1005 2464 1125 2547 diligen·

80 2559 236 2621 latissime
252 2567 413 2635 spectasse.
441 2558 506 2617 Hoc
521 2560 622 2616 occiso
639 2568 668 2618 et
684 2559 749 2635 ipse
765 2556 902 2634 decessit,
916 2556 1021 2615 relicto
1034 2555 1126 2614 adbuc

125 2641 277 2722 impubere
293 2641 353 2700 filio
369 2640 463 2715 Niuya
479 2649 509 2699 et
523 2659 617 2701 uxore
633 2640 830 2701 Semiramide.

102 2737 117 2788 1
192 2725 221 2783 2.
239 2725 320 2784 llaec
335 2742 430 2801 neque
450 2725 589 2783 inmaturo
605 2743 674 2784 ausa
689 2724 804 2783 tradere
821 2722 971 2801 imperium
985 2739 1042 2780 nec
1062 2723 1126 2798 ipsa

124 2809 219 2889 palam
234 2816 371 2883 tractare,
387 2814 477 2867 totae
492 2809 576 2867 tantis
592 2807 728 2884 gentibus
744 2808 794 2865 vix
815 2806 958 2884 patienter
979 2807 1026 2864 uni
1050 2805 1125 2878 viro,

124 2892 229 2952 nedum
248 2892 370 2950 feminae
393 2891 544 2968 parituris,
568 2892 680 2950 simulat
702 2909 733 2949 se
756 2906 809 2969 pro
831 2906 923 2948 uxore
939 2887 1005 2947 Nini
1028 2889 1124 2960 lilium,

98 2985 180 3056 2pro
197 2976 302 3034 femina
319 2992 448 3051 puerum.
491 2973 564 3034 Nam
590 2983 620 3033 et
646 2981 753 3033 statura
780 2974 893 3050 utrique
919 2972 1074 3031 mediocris
1097 2976 1126 3027 et

124 3076 185 3119 vox
200 3060 308 3136 pariter
323 3057 443 3133 gracilis
465 3066 493 3116 et
516 3057 745 3116 liniamentorum
763 3056 886 3134 qualitas
905 3056 987 3114 matri
1008 3071 1043 3112 ao
1065 3052 1125 3112 lulio

99 3153 118 3206 3
129 3142 239 3200 similis.
256 3140 349 3217 lgitur
360 3140 496 3201 bracchia
504 3148 534 3198 et
548 3159 631 3200 crura
643 3141 847 3215 calciamentis,
858 3148 944 3218 caput
956 3139 1027 3197 tiara
1035 3137 1125 3213 tegit;

126 3234 155 3283 et
170 3243 208 3284 ne
226 3241 303 3283 novo
320 3223 417 3283 habitu
434 3219 541 3300 aliquid
558 3223 707 3283 occultare
725 3223 888 3297 videretur,
905 3219 1009 3281 eodem
1025 3228 1127 3279 ornatu

124 3317 154 3366 et
174 3307 312 3385 populum
333 3308 433 3366 vestiri
457 3306 552 3365 iubet:
579 3326 663 3385 quem
686 3324 796 3365 morem
816 3307 906 3365 vestis
928 3304 1032 3364 exinde
1052 3321 1127 3380 gens

99 3392 260 3450 anniversa
275 3398 364 3447 tenet.
410 3390 458 3448 Sic
480 3391 579 3467 primis
601 3391 686 3449 initiis
706 3406 807 3449 sexum
827 3391 943 3447 mentita
964 3389 1038 3466 puer
1059 3404 1126 3445 esse

99 3471 237 3534 acredita
253 3478 307 3528 est.
352 3470 472 3546 Magnas
490 3472 592 3532 deinde
606 3474 779 3550 res'gessit;
798 3489 916 3550 quarum
941 3469 1127 3550 amplitudine
