2442 3975
75 158 155 211 xxv
166 168 191 219 1.
205 164 221 212 a
426 168 518 217 ransc.
534 171 629 217 emo.
645 171 736 219 corr.
1012 161 1071 228 147

79 320 158 380 Galli
176 323 340 400 expositum
364 322 474 399 grande
493 324 552 381 auri
573 324 745 402 argentique
764 325 876 401 pondus
897 311 1071 385 admirantes

79 413 167 481 atque
187 405 313 482 praedae
335 405 468 464 ubertate
484 404 632 464 sollicitati
650 406 819 466 infestiores
834 424 918 483 quarn
931 417 1072 468 venerant

76 496 274 546 revertuntur.
311 487 422 559 Quibus
439 495 468 545 et
482 487 654 565 elephantos
669 489 706 549 ad
720 498 864 548 terrorem
878 489 959 548 velut
969 492 1100 554 invisi-6

75 578 153 628 tatas
177 570 309 629 barbaris
329 569 437 629 formes
460 588 513 629 rex
529 571 643 630 ostendi
658 573 782 631 iusserat
798 581 828 631 et
846 585 936 630 naves
952 582 1070 632 onustas

78 653 174 728 copiis
187 653 389 727 demonstrari,
403 655 531 730 ignarus,
544 653 632 730 quod,
646 655 750 731 quibus
762 654 955 713 ostentatione
967 656 1095 718 uiriumi

76 743 184 792 metum
206 753 239 793 se
261 736 371 794 inicere
386 737 584 811 existimabat,
607 755 707 796 eorum
725 740 835 796 animos
850 747 880 795 ut
895 737 930 797 ad
945 739 1070 814 opimam

7 841 17 854 ·
74 818 216 894 praedam
233 818 419 878 sollicitabat.
446 818 545 897 ltaque
562 820 651 896 legati
670 822 782 880 reversi
796 820 831 880 ad
847 837 916 878 suos
932 821 1025 879 omnia
1041 822 1097 883 in8

77 901 170 958 maius
189 901 367 961 extollentes
381 919 456 980 opes
474 904 583 980 pariter
600 912 629 961 et
646 904 859 980 neglegentiam
876 904 955 979 regis
973 910 1069 962 osten·

77 984 164 1050 dunt;
193 983 302 1043 referta
320 1003 389 1044 auro
406 995 434 1044 et
455 995 577 1062 argento
594 995 707 1060 castra,
732 987 783 1045 sed
800 1004 895 1063 neque
911 986 989 1044 vallo
1007 985 1097 1047 fos-9

77 1083 149 1125 save
172 1068 292 1134 munitas
321 1078 349 1127 et
371 1069 452 1145 quasi
473 1069 543 1127 satis
567 1070 730 1127 munimenti
754 1070 781 1128 in
797 1070 902 1129 divitiis
917 1067 1068 1141 baberent,

76 1151 117 1208 ita
140 1166 193 1208 cos
215 1151 308 1209 omnia
329 1151 427 1212 officia
447 1152 579 1210 militaria
603 1153 808 1211 intermisisse:
841 1169 962 1231 prorsus
985 1151 1113 1229 quasi10

76 1233 150 1292 ferri
166 1233 273 1293 auxilio
290 1252 347 1294 non
364 1235 544 1310 indigerent,
564 1237 698 1311 quoniam
716 1252 787 1303 auro
804 1234 991 1294 abundarent.

143 1316 171 1374 2.
200 1316 262 1376 llao
283 1317 426 1377 relatione
450 1316 552 1377 avidae
574 1320 670 1394 gentis
692 1319 775 1377 animi
792 1320 862 1377 satis
878 1317 913 1377 ad
931 1317 1095 1395 praedeml

76 1398 283 1465 incitabantur;
305 1399 466 1460 accedebat
483 1410 579 1460 tamen
595 1410 623 1460 et
640 1402 804 1479 exemplum
818 1400 928 1476 Belgii,
946 1401 993 1477 qui
1010 1410 1095 1461 noni

76 1499 181 1557 magno
198 1491 263 1540 ante
279 1492 412 1559 tempore
429 1482 618 1543 Macedonum
635 1487 797 1543 exercitum
814 1502 877 1542 cum
893 1483 965 1558 rege
981 1483 1068 1541 truci·

76 1566 208 1625 daverat.
244 1564 345 1643 ltaque
362 1566 609 1624 consentientibus
625 1567 755 1625 omnibus
771 1576 858 1624 nocte
875 1574 971 1624 castra
986 1565 1095 1640 regisa

78 1646 301 1721 adgrediuntur,
325 1649 373 1724 qui
393 1649 595 1725 praesentiens
614 1656 719 1707 tantam
739 1657 943 1725 tempestatem
958 1647 1069 1723 signum

78 1729 173 1808 pricbe
194 1728 331 1805 dederat,
358 1739 388 1788 ut
410 1730 540 1789 omnibus
561 1730 651 1790 rebus
673 1732 776 1791 ablatis
798 1732 826 1789 in
847 1732 978 1809 proxima
995 1730 1067 1787 silva

76 1812 157 1871 taciti
173 1830 206 1870 se
222 1812 411 1871 occultarent.
431 1810 534 1889 Neque
550 1814 634 1873 aliter
651 1824 765 1873 servata
781 1822 876 1873 castra
892 1830 975 1891 quam
988 1811 1068 1887 quud

78 1889 197 1956 deserta
218 1904 299 1972 sunt,
326 1895 470 1973 siquidem
482 1895 572 1973 Galli,
597 1895 646 1955 ubi
667 1897 760 1957 omnia
783 1898 914 1955 vacantia
936 1912 990 1953 nec
1006 1895 1097 1955 sines

78 1978 283 2039 defensoribus
312 1979 416 2053 medo,
449 1998 547 2038 verum
574 1980 660 2039 etiarn
682 1981 745 2039 sine
766 1978 934 2038 custodibus
955 1976 1067 2051 uident,

77 2080 137 2143 non
149 2062 250 2138 fugam
266 2062 406 2137 bostium,
422 2062 475 2121 sed
493 2063 588 2122 dolum
603 2064 775 2122 arbitrantes
791 2064 837 2122 diu
849 2064 956 2120 intrare
968 2068 1068 2136 portas

78 2147 244 2206 timuerunt.
288 2146 333 2204 Ad
362 2154 540 2225 postremum
559 2147 681 2223 integris
702 2155 731 2205 et
754 2146 867 2206 intactis
888 2143 1095 2203 munimentis5

78 2237 244 2288 scrutantes
274 2230 370 2307 potius
402 2246 486 2305 quarn
516 2228 685 2303 diripientes
718 2238 812 2288 castra
839 2232 1065 2304 occupaverunt.

77 2311 161 2381 Nunc
178 2311 281 2371 ablatis
296 2329 371 2389 quae
387 2314 556 2371 invenerant
571 2312 606 2371 ad
624 2312 690 2371 litus
709 2321 928 2391 convertuntur:
946 2308 988 2368 lbi
1000 2309 1094 2370 dumi

78 2413 170 2454 naves
186 2396 327 2454 incautius
344 2396 496 2473 diripiunt,
514 2412 530 2455 a
546 2389 703 2471 remigibus
720 2404 749 2454 et
763 2395 798 2454 ab
812 2395 959 2454 exercitus
972 2392 1081 2468 parte‚‘

80 2494 155 2556 quae
181 2496 217 2536 eo
239 2496 303 2537 cum
325 2479 497 2555 coniugibus
517 2487 547 2537 et
565 2478 668 2559 liberis
689 2478 895 2555 confugerant,
918 2475 987 2533 nilnil
1008 2473 1066 2533 tale

79 2569 242 2620 metuentes
263 2562 455 2621 trucidantur:
485 2569 622 2639 tantaque
644 2562 752 2621 caedes
774 2561 921 2621 Gallorum
943 2558 1011 2633 fuit,
1039 2564 1094 2618 uti

82 2642 231 2718 Antigono
253 2661 356 2720 pacem
371 2634 469 2723 opinio
485 2643 568 2704 buius
583 2646 723 2705 victuriae
738 2662 795 2703 nun
810 2662 825 2702 a
842 2643 932 2703 Gallis
949 2649 1066 2711 tantum,

81 2742 183 2783 verum
202 2727 286 2785 etiam
308 2727 518 2787 abnitimurum
536 2726 652 2786 feritate
668 2728 856 2805 praestiterit.
888 2724 1094 2798 Quamquam8

81 2807 229 2868 Gallorum
253 2826 287 2867 ea
308 2817 481 2886 tempestate
496 2819 592 2870 tantae
607 2810 791 2870 fecunditatis
806 2811 940 2867 iuventus
954 2805 1022 2876 fuit,
1038 2809 1068 2858 ut

81 2890 181 2950 Asiam
199 2908 311 2951 curnem
328 2892 405 2952 velut
424 2895 554 2952 examine
570 2893 667 2970 aliquo
684 2893 837 2968 inplerent.
866 2888 1000 2961 Denique
1015 2894 1093 2946 ne·9

82 2990 139 3053 que
162 2988 252 3051 reges
269 2975 389 3034 orientis
407 2977 471 3034 sine
479 2977 686 3036 mercennario
702 2974 847 3035 Gallorum
864 2969 994 3029 exercitu
1008 2966 1067 3024 ulla

80 3057 160 3119 bella
175 3067 346 3135 gesserunt,
362 3074 458 3137 neque
473 3059 549 3137 pulsi
566 3075 658 3134 regno
674 3057 709 3117 ad
726 3056 800 3116 alios
818 3070 902 3133 quarn
915 3051 951 3109 ad
964 3048 1065 3126 Gallus

84 3141 286 3217 confugerunt.
321 3140 429 3202 'fantus
451 3151 547 3201 terror
564 3140 667 3200 Gallici
681 3141 802 3199 numinis
818 3147 847 3197 et
865 3149 1008 3195 armorum
1023 3133 1063 3189 in·
1077 3143 1111 3196 lo

81 3223 160 3283 victa
183 3224 308 3284 felicitas
332 3234 411 3303 erat,
435 3235 464 3284 nt
480 3225 565 3284 aliter
581 3242 676 3302 neque
692 3225 872 3282 maiestatem
890 3235 967 3277 suam
983 3217 1067 3273 tutari

82 3321 180 3383 neque
195 3308 328 3366 amissam
342 3324 519 3385 recuperare
536 3325 568 3365 se
584 3312 675 3384 posse
690 3307 743 3364 nisi
756 3304 866 3365 Gallica
878 3302 981 3360 virtute
993 3296 1067 3357 arbi·

83 3395 237 3448 trarentnr.
282 3388 381 3469 ltaque
407 3391 436 3451 in
460 3390 593 3450 auxilium
623 3407 638 3447 a
665 3388 816 3465 Bithyniae
839 3403 911 3529 qqu
938 3384 1064 3442 invocati
1078 3394 1109 3446 11
