2442 3975
80 162 212 220 1110.11
314 244 326 255 θ
421 172 731 221 miserrumam.
1046 164 1088 228 23

79 333 114 385 et
133 342 265 386 convena
282 325 398 385 vallium
414 325 558 403 aequabat
571 336 600 385 et
611 328 756 404 quaedam
765 331 853 388 maria
865 332 1000 408 pontibus
1012 341 1086 392 ster-

80 408 188 551 ppebap),
211 407 352 485 quaedam
370 407 406 468 ad
423 410 617 486 navigationis
631 411 811 472 commodum
825 430 878 490 per
892 416 1086 494 conpendium

103 510 158 555 cce
181 499 219 550 at.

151 577 200 635 11.
221 572 309 633 Cuius
320 575 452 635 introitus
464 576 491 634 iu
505 575 654 637 Graeciam
666 596 751 657 quam
763 579 911 658 terribilis,
925 589 980 640 tam
991 581 1085 659 turpis
1101 593 1118 644 1

80 677 119 718 ao
132 657 235 718 foedus
247 657 396 717 discessus
407 658 468 717 luit.
490 658 622 738 Namque
637 678 700 720 cum
713 660 849 739 Leonida,
862 680 916 722 rex
928 665 1084 740 Spartano·
1098 674 1117 726 a

81 759 155 818 rum,
168 759 231 801 cum
242 739 297 802 1111
307 740 421 801 milibus
434 743 552 802 militum
564 748 713 821 angustias
725 745 984 825 Thermopylarum
998 765 1084 807 oocu-

85 837 195 907 passm,
203 826 319 887 Xerxes
329 835 492 905 contemptu
503 829 655 905 paucitatis
670 847 723 889 eos
735 846 859 906 pugnam
873 848 1031 909 capessere
1044 831 1085 889 iu·

83 911 150 987 bet,
168 927 287 988 quorum
300 911 418 987 cognati
429 909 607 970 Marathonia
622 929 718 990 pugna
735 914 881 973 interfecti
894 913 1022 980 inerant:
1039 913 1087 990 qui
1100 926 1118 978 3

84 994 152 1054 dum
169 994 271 1053 ulcisci
289 1011 359 1052 suos
382 1003 540 1071 quaerunt,
564 995 736 1073 principium
754 995 844 1056 cladis
863 996 961 1064 iuere;
982 1014 1084 1056 succe·

84 1078 172 1138 dente
187 1077 254 1136 dein
271 1076 363 1135 inutili
377 1076 458 1135 turba
474 1070 566 1136 maim
584 1077 691 1137 caedes
704 1077 805 1138 editur.
840 1079 947 1139 Triduo
964 1079 1004 1138 ibi
1021 1090 1118 1149 cuma

82 1161 189 1222 dolore
209 1169 238 1219 et
257 1159 455 1236 indignatione
467 1159 619 1220 Persarum
638 1161 814 1222 dimicatum:
836 1172 936 1240 quarta
954 1162 1001 1222 die
1020 1175 1116 1226 cums

83 1246 239 1305 nuntiatum
252 1251 332 1303 esset
347 1242 492 1303 Leonidae
511 1262 526 1303 a
541 1243 597 1304 XX
608 1244 722 1304 milibus
739 1244 864 1305 hostium
881 1263 1018 1305 summum
1038 1263 1084 1305 oa·

85 1347 189 1388 cumen
208 1329 316 1402 teucri,
337 1336 395 1385 tum
415 1326 544 1386 hortatur
561 1325 675 1404 socios}
699 1327 837 1388 recedant
860 1338 944 1388 etse
967 1328 1003 1389 ad
1026 1347 1083 1388 me·
1118 1316 1126 1325 ¹

84 1412 160 1471 liora
177 1412 287 1490 patriae
304 1418 435 1489 tempora
447 1420 615 1470 reservent:
632 1410 687 1470 sibi
705 1430 769 1471 cum
780 1413 929 1491 Spartanis
941 1413 1085 1472 fortunam
1099 1422 1117 1476 6

86 1494 308 1574 experiendam:
339 1494 421 1572 plura
451 1496 561 1571 patriae
596 1513 680 1573 quam
707 1497 785 1554 vitae
813 1494 937 1554 debere:
966 1503 1084 1554 ceteros

83 1579 122 1639 ad
146 1577 288 1657 praesidia
302 1576 442 1636 Graeciae
461 1577 649 1645 servandos„
665 1577 772 1638 Audito
790 1580 870 1654 regis
888 1579 1010 1656 imperio
1028 1577 1083 1636 dis·
1098 1587 1115 1645 7

84 1680 206 1723 cessere
223 1663 330 1738 ceteri,
353 1660 410 1719 soli
425 1659 645 1720 Lacedaemonii
663 1670 871 1721 remanserunt.
901 1660 984 1720 Initio
1003 1660 1117 1724 huiusss

86 1745 158 1806 belli
181 1744 393 1805 sciscitantibus
417 1742 540 1821 Delphis
563 1742 682 1803 oracula
706 1761 878 1823 responsum
901 1745 1008 1821 iuerat,
1036 1751 1084 1802 aut
1132 1770 1135 1775 ·

85 1832 151 1906 regi
171 1830 377 1908 Spartanorum
403 1825 537 1903 autturbi
560 1825 728 1886 cadendum.
760 1826 798 1886 Et
814 1826 924 1886 idcirco
946 1826 1117 1889 reuben-9

86 1912 183 1989 nidos,
204 1931 266 1973 oum
281 1911 428 1971 inbellem
447 1911 699 1989 proficisceretur,
717 1911 838 1969 ita-suos
857 1910 1036 1983 firmaverat,
1054 1916 1084 1966 ut

86 2001 129 2058 ire
147 2017 179 2058 se
200 2005 301 2076 parato
319 1996 355 2057 ad
373 1994 551 2056 moriendum
568 1997 662 2055 animo
678 1995 796 2053 scirent.
826 1993 984 2069 Angustias
997 2009 1084 2070 prop·
1092 2002 1127 2054 10

85 2092 166 2142 terea
185 2088 395 2156 occupaverat,
422 2089 452 2138 ut
476 2097 539 2138 cum
562 2080 662 2157 paucis
681 2085 728 2137 aut
747 2077 856 2136 maiore
874 2077 970 2153 gloria
986 2071 1083 2134 vinoc-

85 2173 131 2224 ret
146 2171 193 2222 aut
207 2164 317 2221 minore
329 2162 431 2221 damno
443 2164 485 2221 rei
497 2161 632 2240 publicae
646 2161 773 2221 caderet.
792 2159 926 2219 Dimissis
938 2160 1025 2237 igitur
1037 2174 1083 2217 so·
1109 2168 1124 2219 1

87 2248 139 2308 ciis
157 2246 287 2305 hortatur
306 2247 479 2324 Spartanos,
497 2248 677 2304 meminerint
693 2245 940 2323 qualitercumque
958 2242 1082 2321 proclia-

85 2334 122 2391 tis
135 2329 293 2402 cadendum
305 2346 386 2397 esse;
401 2337 554 2404 caverent,
573 2347 609 2388 ne
624 2329 728 2388 lortius
746 2329 885 2387 mansisse
904 2344 987 2404 quam
1005 2325 1083 2384 dimi·

57 2433 60 2440 ·
87 2434 171 2474 casse
183 2414 349 2482 videantur;
370 2430 425 2471 neo
445 2412 670 2489 expectandum,
692 2421 722 2471 ut
740 2412 775 2471 ab
793 2412 879 2471 hoste
897 2410 1127 2469 circumveni-12

86 2507 194 2575 rentur,
208 2496 260 2556 sed
271 2497 337 2556 dum
348 2513 407 2556 non
419 2495 604 2556 occasionem
617 2495 709 2571 daret,
722 2496 834 2553 securis
845 2503 874 2553 et
886 2493 970 2553 laetis
982 2510 1082 2571 super·

87 2581 272 2641 veniendum:
291 2598 429 2659 nusquam
448 2580 577 2638 victores
595 2578 745 2638 honestius
763 2594 846 2656 quam
861 2579 890 2636 in
903 2578 1006 2636 castris
1018 2576 1083 2635 hos·
1093 2584 1128 2637 13

87 2668 154 2724 tium
166 2666 321 2742 perituros.
352 2662 429 2722 Nihil
442 2670 504 2722 erat
517 2661 635 2721 difficile
648 2660 826 2739 persuadere
840 2661 987 2740 persuasis
998 2659 1084 2718 mori:
1093 2665 1142 2718 14·
1186 2668 1191 2677 ’

88 2749 182 2808 statim
191 2764 269 2805 arma
282 2748 398 2824 capiunt
404 2755 433 2805 et
441 2745 569 2804 sescenti
580 2745 634 2803 viri
647 2753 740 2803 castra
750 2746 972 2823 quingentorum
980 2742 1086 2800 milium
1094 2749 1127 2800 15

86 2833 250 2907 inrumpunt
269 2829 420 2905 statimque
438 2830 517 2905 regis
537 2829 712 2906 praetorium
734 2837 852 2905 petunt,
877 2836 924 2886 aut
943 2842 1007 2884 eum
1029 2821 1101 2898 illo¹

87 2923 149 2989 aut,
166 2914 190 2971 si
201 2913 257 2992 ipsi
272 2913 408 2992 oppressi
420 2921 533 2987 essent,
554 2911 583 2969 in
600 2911 692 2989 ipsius
711 2912 889 2988 potissimum
907 2907 978 2967 sede
996 2904 1082 2963 mori·

88 2999 151 3058 turi.
186 2997 333 3057 Tumultus
350 2998 418 3056 totis
437 2996 539 3054 castris
560 2997 660 3055 oritur.
695 2995 845 3072 Spartani,
866 3000 1019 3069 postquam
1038 3004 1084 3045 re·
1093 2996 1127 3050 16

88 3098 154 3157 gem
166 3099 224 3142 non
236 3081 398 3156 inveniunt,
417 3097 472 3157 per
486 3080 580 3137 omnia
593 3087 688 3138 castra
700 3078 830 3136 victores
842 3081 997 3151 vagantum
1019 3086 1084 3129 oae-

88 3164 154 3223 dunt
164 3173 353 3242 sternuntque
369 3163 479 3238 omnia,
494 3170 523 3221 ut
533 3161 581 3240 qui
592 3163 685 3221 sciunt
697 3178 729 3217 se
742 3176 872 3238 pugnare
884 3172 946 3234 nou
958 3172 1012 3231 spe
1023 3153 1084 3212 vic·

87 3248 191 3324 toriae,
213 3246 309 3307 sedin
327 3247 428 3305 mortis
446 3245 593 3304 ultionem.
628 3243 772 3303 Proelium
793 3260 809 3300 a
829 3238 973 3319 principio
992 3237 1126 3298 noctisli

87 3331 116 3388 in
129 3333 267 3391 maiorem
277 3339 389 3408 partem
404 3328 461 3387 diei
476 3336 606 3387 tractum.
628 3325 675 3385 Ad
688 3327 864 3404 postremum
876 3320 1020 3395 nonvicti,
1036 3316 1129 3380 sed18

86 3413 231 3485 uincendo
250 3413 361 3491 fatigati
379 3413 454 3471 inter
476 3413 611 3496 ingentes
634 3416 789 3468 stratorum
808 3405 934 3467 hostium
952 3411 1085 3461 catervas
