2442 3975
60 213 224 267 xilva-u
407 222 500 270 man.
514 184 609 268 nuru.
625 217 717 269 nuru.
820 256 824 265 .
994 211 1057 272 217
1116 182 1121 191 ¹

61 374 127 450 regi
149 375 230 434 done
252 374 334 433 datus
357 383 411 434 est.
443 366 565 433 Tuncet
579 375 808 434 liniamentorum
824 375 1005 436 similitudine
1028 386 1058 436 et

60 458 139 515 notis
159 460 314 536 corporis,
338 475 412 535 quae
431 458 543 517 inustae
568 459 691 535 parvulo
715 458 842 533 inerant,
865 476 959 536 nepos
977 462 1057 536 agui·

61 550 117 599 tus.
163 539 365 599 Admiratione
394 539 499 600 deinde
528 548 572 599 tot
593 557 710 599 casuum
733 542 988 618 periculorumque
1016 542 1101 606 ablu

60 623 170 682 eodem
195 639 354 683 successor
380 625 463 698 regni
487 623 656 682 desuuatur.
700 622 813 685 Nomen
835 625 878 683 illi
900 626 1054 703 inpositum
1067 637 1099 704 il

60 705 200 780 nabidis,
219 707 268 782 qui
281 715 314 764 ut
327 723 449 782 regnam
465 707 597 783 aceepit,
613 714 710 765 tantae
726 707 927 782 magnitudinis
942 707 1012 782 fuit,
1028 717 1059 767 ut

60 805 118 846 uon
140 789 252 849 frustra
272 788 392 849 deorum
410 790 560 848 maiestate
583 797 627 847 tot
646 789 784 866 perieulis
803 798 922 867 ereptus
944 790 1057 849 videre·

0 873 1 876 ’
60 880 127 931 tur:
139 873 253 949 quippe
264 881 294 930 et
305 871 458 931 barbarum
469 871 607 950 populum
619 870 735 947 legibus
749 874 840 931 vinxit
850 883 880 932 et
895 872 988 931 boves
1000 875 1057 950 pri·

61 970 124 1016 mus
144 963 245 1014 aratro
260 954 371 1014 domari
385 954 587 1031 frumentaque
603 954 686 1013 sulco
702 968 845 1033 quaerere
864 955 962 1016 decuit
977 965 1059 1015 etex

60 1039 172 1113 agresti
199 1036 267 1096 cibo
292 1039 405 1097 mitiora
434 1038 516 1095 vesci
535 1036 603 1095 odio
627 1055 743 1112 eorum,
770 1036 931 1117 quae'ipse
953 1056 1058 1117 passus

60 1119 172 1195 inerat,
195 1120 329 1179 homiues
342 1120 452 1195 coegit.
484 1118 575 1178 Huius
588 1137 673 1179 casus
687 1120 814 1181 fabulosi
830 1121 1012 1196 riderentur,
1027 1124 1102 1185 ni1u

61 1211 91 1273 et
105 1202 307 1262 Romanorum
324 1202 493 1262 conditores
513 1203 581 1279 lupa
601 1205 699 1262 nutriti
720 1212 751 1263 et
772 1202 865 1278 Cyrus
886 1222 940 1263 rex
955 1204 1058 1264 Persa·

61 1303 122 1344 rurn
151 1304 228 1346 caue
250 1286 334 1345 alitus
355 1285 542 1363 proderetur.
580 1284 627 1344 Ab
646 1284 704 1345 hoe
718 1295 748 1346 et
761 1288 919 1346 ministeria
934 1288 1053 1347 servilia
1067 1299 1103 1352 13

61 1369 175 1446 populo
198 1369 352 1428 interdicta
375 1376 404 1427 et
418 1367 507 1446 plebs
525 1369 554 1427 in
570 1377 683 1446 septem
700 1369 789 1428 urbes
806 1370 909 1429 divisa.
942 1369 1057 1430 Hortuo
1067 1382 1103 1434 14

61 1450 177 1510 Habid'e
195 1470 322 1537 regnum
334 1469 387 1530 per
402 1452 490 1511 multa
504 1452 623 1511 saecula
638 1451 674 1510 ab
692 1452 916 1512 successoribus
932 1455 994 1511 eius
1011 1471 1058 1513 re·

61 1542 171 1593 tentum
191 1543 248 1597 εει.
740 1544 762 1597 f
799 1554 801 1557 ’
1033 1596 1034 1601 ,

148 1617 182 1676 lu
199 1617 256 1676 aila
273 1627 355 1695 parte
371 1617 527 1697 Hispaniae
551 1626 580 1676 et
597 1634 672 1694 quae
688 1634 726 1675 ex
743 1617 844 1677 insulis
860 1626 976 1677 constat
990 1636 1057 1694 reg·

61 1716 127 1758 num
150 1717 246 1778 penes
270 1699 434 1775 Geryonem
454 1701 516 1760 luit.
549 1699 581 1758 ln
596 1700 652 1759 lunc
667 1707 743 1760 tantu
759 1699 857 1777 pabuli
873 1700 981 1760 laetitia
1002 1709 1058 1775 est,

11 1817 13 1820 -
61 1792 108 1857 ut,
129 1784 187 1843 nisi
208 1782 382 1843 abstinentia
405 1783 590 1862 interpellata
605 1784 706 1859 sagina
727 1783 829 1857 fuerit,
848 1784 969 1862 pecora¹
984 1800 1057 1842 rum-

62 1875 178 1941 pantur.
216 1865 287 1926 lude
309 1866 434 1945 denique
458 1875 585 1926 armentu
602 1865 763 1940 Geryonis,
779 1883 853 1942 quae
869 1866 926 1925 illis
942 1876 1053 1943 tempo·
1068 1879 1101 1930 15

62 1949 141 2009 ribus
157 1949 244 2009 solae
262 1949 546 2028 opesbabebuutur,
562 1957 659 2009 tautae
675 1949 768 2009 laruae
783 1949 885 2024 inere,
900 1957 931 2008 ut
945 1948 1056 2008 Herou-

62 2030 119 2090 iern
135 2050 174 2091 ex
189 2032 263 2092 Asia
281 2033 408 2111 praedae
419 2033 613 2110 magnitudine
630 2034 794 2093 inlexerint.
829 2032 920 2091 Porro
944 2031 1101 2106 Geryo-16

62 2131 127 2173 nem
140 2117 248 2193 ipsum
272 2131 330 2175 non
346 2115 470 2194 'triplicia
483 2123 619 2191 naturae,
641 2125 672 2175 ut
688 2115 794 2176 tabulis
808 2115 951 2193 proditur,
968 2114 1059 2194 fuisse

63 2195 176 2274 ierunt,
201 2198 257 2257 sed
276 2208 337 2258 tres
363 2200 469 2258 iratres
491 2208 586 2258 tantae
602 2200 778 2259 concordiae
792 2199 941 2273 extitisse,
954 2206 985 2256 ut
1001 2214 1058 2255 uno

64 2282 157 2341 auimo
175 2299 279 2341 omnes
294 2283 358 2358 regi
373 2282 550 2355 viderentur,
565 2299 622 2340 neo
636 2281 745 2340 bellum
757 2281 875 2340 Herculi
890 2298 942 2340 sua
954 2289 1059 2357 sponte

63 2362 214 2441 intulisse,
239 2365 292 2425 sed
308 2382 373 2424 cum
391 2373 519 2425 armenta
535 2381 585 2423 sua
599 2366 663 2441 rapi
679 2364 837 2440 vidissent,
860 2365 965 2423 amissa
980 2362 1059 2422 bello
1169 2401 1171 2406 ,

63 2449 222 2525 repetisse.
605 2517 609 2526 .

126 2530 155 2588 5.
177 2531 251 2590 Post
274 2548 365 2607 regna
388 2530 493 2590 deiude
513 2528 670 2606 Hispaniae
692 2528 776 2606 primi
801 2528 1084 2606 Carthaginienses}

66 2609 216 2689 imperium
231 2615 402 2689 prouinciae
419 2630 613 2691 occupavere.
635 2610 707 2671 Nam
724 2629 786 2671 curu
799 2611 930 2672 Gaditani
940 2630 957 2672 a
968 2610 1088 2688 Turni

66 2694 141 2754 unde
167 2706 198 2754 et
228 2693 513 2772 Carthaginiensibus
539 2698 624 2771 origo
647 2705 708 2769 est,
739 2712 822 2755 sacra
847 2694 982 2754 Herculis
1005 2712 1060 2772 per

38 2912 40 2918 .
67 2778 746 2935 illitiIlillllll:illelillllitl
759 2776 1059 2918 lllllililttl..

69 2943 171 3017 paulae
196 2943 313 3021 populls
336 2962 371 3004 ac
394 2953 551 3021 propterea
572 2943 727 3004 Gaditanos
749 2941 829 3001 bello
847 2940 1059 3001 lacessentibus
1124 2989 1142 3024 ο

70 3023 206 3084 auxilium
231 3028 452 3103 consanguineis
475 3024 729 3102 Carthaginienses
758 3026 874 3083 misere.
916 3022 959 3082 lbi
979 3023 1089 3086 ielieib

71 3108 259 3183 expeditione
276 3118 306 3168 et
325 3109 480 3169 Gaditanos
501 3109 538 3169 ab
563 3110 664 3168 iniuria
685 3109 904 3168 vindicaverunt
924 3114 954 3165 et
967 3106 1057 3165 maio·

70 3203 131 3246 rem
148 3199 259 3266 partem
276 3193 578 3270 provinciaeimperio
594 3209 648 3251 suo
662 3191 839 3250 adiecerunt.
867 3186 972 3249 Postea
989 3170 1090 3267 quo-i

71 3284 127 3344 que
153 3273 342 3334 hortantibus
365 3277 474 3353 primae
501 3274 696 3352 expeditionis
723 3273 859 3351 auspiciis
885 3272 1060 3331 Amilcarem

70 3349 277 3429 imperatorem
301 3375 365 3416 cum
387 3375 594 3434 manufmagna
617 3357 654 3416 ud
669 3355 867 3434 occupandam
882 3355 1060 3434 provinciam

42 3448 46 3455 ·
70 3433 191 3513 misere,
210 3442 259 3517 qui
275 3441 385 3517 mugnis
399 3439 488 3499 rebus
505 3441 615 3516 gestis,
634 3438 698 3518 duur
713 3439 856 3498 fortunam
872 3437 1061 3497 inconsultius
