2442 3975
143 234 201 297 118
476 248 583 296 unosr
593 243 725 318 rournr
965 240 1060 293 xvffl
1070 244 1097 294 a.
1113 243 1130 294 o

140 399 253 477 oognita
269 400 378 459 sororis
390 401 468 476 luga,
484 418 546 459 oum
561 400 649 478 impio
665 400 916 476 b‘ello'iugleutem
932 399 1069 479 persequi
1080 420 1130 479 pa·

138 492 248 557 rasset,
273 500 363 559 aegre
384 482 519 560 precibus
539 484 637 541 matris
653 483 829 561 deorumque
844 486 926 542 minis
942 486 1035 543 vietus
1051 485 1129 562 quie·

108 575 125 630 7
142 568 195 625 uit:
217 567 262 624 cui
281 565 343 623 oum
364 566 493 642 inspirati
514 573 597 623 vates
615 576 752 624 canerent
767 582 823 624 nou
840 567 945 645 inpone
958 567 1089 639 laturum,
1105 568 1129 625 si

138 652 313 707 incrementa
326 647 404 705 urllis
417 656 478 705 toto
491 646 562 705 orbe
574 648 819 724 auspicatissimae
831 648 1056 727 interpellasset,
1073 648 1130 710 boo

108 731 220 795 amodo
237 732 360 807 spatium
383 729 544 806 respirandi
565 730 739 805 fugientibus
762 731 873 790 datum..
909 731 1009 808 ltaque
1033 730 1129 790 Elissa

138 813 233 873 delata
254 814 281 870 in
304 811 422 871 Airioae
438 812 529 870 sinum
543 811 655 871 iuoolas
672 812 730 870 looi
748 813 809 870 eius
823 812 946 872 advento
960 814 1129 890 peregrino-

138 914 198 956 rum
221 903 437 972 mutuarumque
460 911 554 966 rerum
577 896 750 953 commercio
767 894 927 971 gaudentes
942 896 971 953 in
980 895 1130 954 amicitiam

111 975 292 1042 osollioitat:
309 976 376 1046 dein
393 986 489 1053 empto
506 978 585 1051 looo,
609 978 658 1054 qui
682 980 762 1035 eonio
783 977 867 1035 bovis
883 978 942 1052 tegi
958 986 1076 1054 posset,
1102 978 1138 1034 in=

139 1076 195 1137 quo
217 1058 313 1117 lassos
329 1059 415 1134 longa
431 1059 614 1134 navigatione
633 1061 747 1134 s'ooios,
772 1060 867 1137 quoad
882 1060 1129 1137 proficisceretur,

137 1142 262 1201 reboare
283 1151 393 1217 posset,
410 1141 517 1199 corium
532 1142 560 1198 iu
577 1141 759 1201 tenuissimas
776 1143 876 1219 partes
891 1144 984 1201 secari
996 1142 1075 1200 iubet
1090 1151 1130 1201 at·

138 1242 195 1303 que
218 1225 256 1282 ita
276 1225 375 1281 maius
388 1223 446 1282 loci
466 1225 605 1300 spatium,
630 1241 713 1300 quarn
735 1225 869 1302 petierat,
896 1233 1035 1301 oooupat:
1054 1223 1130 1282 unde

96 1314 242 1385 lopostea
270 1306 296 1363 ei
320 1304 386 1364 loeo
411 1304 521 1378 Byrsae
541 1322 647 1365 nomen
673 1306 735 1365 luit:
782 1305 1002 1365 Gonduentibus'
1026 1305 1137 1370 deinde.

137 1388 239 1445 vicinis
255 1388 400 1462 lotorum,
425 1390 472 1464 qui
493 1405 547 1464 spe
562 1388 634 1446 luori
650 1389 736 1447 multa
752 1387 913 1467 hospitibus
928 1390 1040 1448 venalia
1058 1388 1130 1447 inie-

97 1470 254 1543 11rebant,
272 1470 417 1546 sedesque
430 1470 469 1527 ibi
484 1471 675 1532 statuentibus
692 1489 729 1529 ex
746 1471 907 1547 frequentia
924 1472 1130 1531 hominumve
1149 1467 1154 1474 ’

98 1553 176 1617 12Ιυι
198 1554 286 1611 instar
306 1552 429 1611 civitatis
452 1552 597 1611 effeetum'
610 1563 663 1612 est.
709 1553 884 1613 Uticensium
905 1571 1021 1631 quoque
1042 1553 1131 1629 legati

139 1636 213 1695 dona
229 1643 259 1692 ut
276 1636 498 1711 consanguineis
516 1635 679 1694 adtulerunt
699 1635 861 1713 hortatique
886 1646 960 1711 sunt,
967 1636 1068 1695 urbem
1076 1633 1131 1693 sibi

97 1730 131 1783 13
139 1718 307 1790 conderent,
324 1717 374 1776 ubi
388 1718 476 1776 sedes
491 1719 588 1776 sortiti·
604 1727 712 1776 essent.
739 1719 797 1777 Sed
824 1728 854 1778 et
873 1717 962 1778 Afros
986 1717 1131 1778 detinendi

98 1801 264 1866 ltadvenas
286 1817 366 1858 amor
387 1802 473 1877 oepit.
515 1799 617 1878 ltaque
643 1801 890 1861 consentientibus
910 1802 1040 1861 omuibus
1062 1799 1131 1859 Gar·

98 1884 225 1959 remago
254 1882 386 1942 conditur
404 1891 509 1941 statuto
532 1900 625 1942 anuuo
649 1883 785 1959 vectigali
807 1901 862 1961 pro
890 1885 954 1944 solo
969 1884 1059 1943 urbis.
1100 1881 1132 1940 ln

76 1993 79 1998 ·
139 1967 236 2044 primis
252 1966 440 2026 fundamentis
454 1974 539 2043 eaput
555 1965 690 2026 bubulum
706 1967 849 2027 inventum
866 1976 925 2042 est,
943 1967 1020 2044 quod
1036 1966 1130 2044 auspi·

140 2050 213 2108 oium
237 2049 404 2108 lruotuosae
419 2050 553 2128 quidam,
581 2050 634 2108 sed
658 2049 824 2109 laboriosae
845 2060 1047 2129 perpetuoque
1069 2066 1131 2106 ser-

138 2149 193 2190 vae
215 2131 294 2190 urbis
313 2133 380 2200 luit;
408 2140 530 2209 propter
552 2133 630 2207 quod
647 2133 674 2189 in
689 2133 774 2192 aliurn
789 2134 885 2192 looum
900 2132 968 2192 urbs
983 2130 1130 2193 translata.

97 2213 180 2278 lolbi
196 2232 312 2291 quoque
329 2217 395 2292 equi
412 2224 497 2292 eaput
508 2225 666 2291 repertum,
679 2214 850 2275 bellicosum
862 2225 1065 2293 potentemque
1079 2230 1130 2290 po·

138 2297 235 2370 pulum
262 2298 385 2355 futurum
410 2298 589 2372 signifioans,
622 2297 684 2356 urbi
714 2300 889 2377 auspicatam
915 2298 1016 2357 sedam
1043 2295 1131 2355 dedit.

96 2387 129 2442 17
139 2378 219 2459 Tune
235 2381 270 2438 ad
286 2376 450 2457 opinionem
464 2386 558 2440 novae
573 2380 652 2439 urbis
666 2379 1041 2454 concurrentibusgentibus
1049 2378 1133 2435 brevi

140 2470 169 2519 et
183 2462 308 2538 populus
326 2471 354 2521 et
371 2465 473 2521 oivitas
487 2482 589 2539 magna
603 2463 690 2521 lacta.

113 2556 127 2605 l
202 2544 230 2605 6.
265 2542 334 2603 Com
357 2562 497 2604 suoaessu
518 2563 612 2604 rerum
633 2546 770 2604 dorentes
795 2542 974 2617 Carthaginis
990 2556 1063 2618 opes
1085 2558 1133 2599 es·

140 2633 215 2699 sent,
232 2643 286 2684 rex
302 2626 509 2686 blaxitanorum
525 2626 647 2687 Hiarbas
665 2628 764 2685 dsoem
777 2626 937 2684 Poenorum
954 2624 1133 2702 principibus

141 2708 175 2766 ad
195 2727 227 2766 se
242 2711 391 2768 aroessitis
409 2709 524 2769 Elissae
537 2713 649 2788 nuptias
665 2708 717 2768 sub
738 2708 807 2767 belli
823 2708 1037 2767 denuntiatione
1049 2707 1131 2782 petit.

111 2790 225 2863 aQuot
248 2792 337 2868 legati
356 2794 475 2868 reginae
490 2793 602 2851 relerre
619 2802 778 2851 metuentes
793 2792 900 2850 Punico
917 2808 979 2849 oum
997 2808 1031 2848 ea
1051 2791 1132 2863 inge·

68 2911 72 2917 ·
139 2875 186 2932 nio
203 2884 343 2951 egerunt,
367 2877 527 2935 nuntiantes
550 2894 650 2951 regem
670 2876 792 2952 aliquem
809 2891 949 2952 poscere,
967 2874 1014 2949 qui
1030 2871 1132 2931 cultio·

110 2966 187 3019 3res
203 2959 296 3015 vietus
311 2975 375 3015 eum
392 2957 539 3035 Afrosque
553 2958 889 3035 perdoceatrzsedquem
900 2956 1021 3014 inveniri
1033 2969 1133 3031 passe,

111 3064 116 3072 ·
140 3040 187 3116 qui
209 3040 244 3098 ad
265 3039 405 3099 barbaros
425 3050 455 3099 et
477 3041 602 3098 ferarum
625 3056 706 3098 more
725 3043 857 3110 uiuentes
889 3041 1011 3105 transire
1031 3053 1047 3093 a
1064 3052 1134 3094 ton-

101 3124 128 3184 ‘4
138 3123 302 3196 sanguineis
324 3120 420 3181 velit'l'
445 3122 525 3181 Tune
546 3142 563 3192 a
585 3124 686 3196 regina
705 3123 846 3197 castigati,
861 3123 885 3179 si
901 3139 954 3197 pro
972 3120 1064 3178 salute
1082 3135 1134 3194 pa·

139 3205 212 3261 triae
228 3206 407 3281 asperiorem
422 3207 508 3263 vitam
525 3213 705 3279 recusarent,
723 3207 769 3263 oui
784 3205 868 3262 etiam
883 3205 945 3279 ipsa
961 3204 1027 3277 vita,
1045 3202 1069 3259 si
1084 3216 1134 3258 res

140 3286 257 3359 exigat,
288 3286 442 3360 debeatur,
468 3289 548 3361 regis
574 3287 704 3346 mandata
726 3304 869 3363 aperuere
887 3286 1034 3357 dieentes,
1058 3299 1135 3360 quae

139 3369 300 3443 praecipiat
323 3370 403 3441 aliis,
430 3370 487 3446 ipsi
506 3370 638 3428 laoienda
660 3388 743 3444 esse,
766 3370 790 3426 si
806 3368 877 3427 velit
892 3368 955 3426 urbi
972 3365 1136 3426 consultum

111 3460 217 3508 tasse.
255 3448 318 3506 lloo
340 3450 408 3508 dolo
431 3460 514 3527 oapta
536 3452 583 3509 diu
603 3452 740 3509 Aoerbae
761 3451 814 3508 viri
831 3453 944 3509 nomine
960 3466 1023 3508 orror
1038 3446 1138 3506 multis
