2442 3975
154 169 214 249 itti
516 178 769 228 rnoorromrnr
896 167 986 220 xxiv
996 170 1022 222 a.
1038 168 1143 223 xxva

151 335 219 397 iude
246 353 283 395 ue
305 341 509 393 cunctarentur
531 331 575 391 dis
600 330 797 407 antesignanis
822 329 944 394 bostem
962 330 1089 390 caedere
1113 341 1146 392 et

151 420 293 479 victoriae
319 417 439 477 deorum
467 416 566 474 socios
588 431 621 472 se
643 414 803 489 adiungere
824 414 940 472 summis
960 414 1143 488 obsecratio·

123 502 236 568 suibus
255 500 419 560 mouebant.
453 496 563 571 Quibus
584 495 707 555 vocibus
724 497 836 572 lucensi
851 514 951 555 omues
968 495 1098 556 certatim
1113 500 1145 557 in

124 584 295 664 oproelium
310 576 473 661 prosiliunt.
496 579 694 640 Praesentiam
710 578 758 638 dei
774 587 803 638 et
819 579 875 657 ipsi
891 582 987 638 statim
1003 596 1142 640 sensere.

151 686 216 728 naut
238 676 268 727 et
288 675 386 725 terrae
405 672 484 723 motu
506 663 604 741 portio
620 662 725 721 montis
740 660 861 740 abrupta
877 661 1026 722 Gallorum
1041 666 1145 723 stravit

152 752 311 811 exercitum
327 758 356 808 et
371 746 577 807 confertissimi
591 746 677 805 cunei
692 761 750 804 uon
761 746 825 804 siue
837 744 1006 806 vulneribus
1017 745 1142 807 bostium

109 846 143 898 10
154 833 285 911 dissipati
312 830 445 893 ruebant.
492 827 629 889 Insecuta
655 827 759 888 deinde
787 837 948 905 tempestas
973 838 1034 904 est,
1066 848 1143 908 quae

110 928 142 980 11
154 916 294 994 meudina
316 924 346 974 et
366 914 478 989 frigore
500 912 617 971 saucios
633 929 672 970 ex
687 910 857 970 vulneribus
872 910 1042 991 absumpsit.
1075 912 1144 973 Dux

30 1005 34 1012 '
79 1014 82 1019 ·
149 1001 215 1077 ipse
233 998 363 1058 Brennus
380 1015 444 1056 cum
459 994 593 1055 dolorem
607 994 759 1054 vulnerum
774 993 853 1053 ferre
869 1011 927 1053 uon
945 1005 1064 1075 posset,
1088 1015 1142 1074 pu·

107 1092 143 1145 12
153 1083 242 1159 giorm
259 1082 345 1141 vitam
360 1080 459 1139 [inivit.
479 1078 566 1138 Alter
581 1095 620 1137 ex
635 1076 756 1138 ducibus
768 1078 875 1154 punitis
889 1077 960 1138 belli
974 1079 1144 1139 auctoribus

73 1157 78 1166 '
152 1182 216 1223 cum
245 1164 347 1223 decem
373 1163 488 1223 milibus
510 1163 676 1221 sauciorum
697 1162 786 1220 citato
804 1161 919 1237 agmine
940 1162 1065 1222 Graecia
1084 1180 1142 1222 ex·

108 1258 143 1310 13
154 1247 241 1306 cedit.
276 1247 336 1307 Sed
357 1264 413 1305 uec
431 1244 609 1322 fugientibus
630 1244 745 1304 fortuna
767 1244 945 1305 commodior
959 1246 1030 1319 luit,
1054 1247 1142 1324 siqui·

108 1339 143 1393 14
153 1328 218 1389 dem
242 1329 355 1406 pavidis
374 1329 453 1388 nullu
474 1328 528 1387 sub
550 1328 637 1388 tectis
662 1336 727 1387 acta
747 1344 822 1403 uox,
845 1327 941 1387 nullus
961 1330 1023 1387 siue
1039 1328 1142 1390 labore

152 1421 182 1471 et
202 1411 336 1490 periculo
363 1412 441 1480 tlies;
474 1410 585 1470 adsidui
609 1409 717 1470 imbres
738 1420 768 1470 et
789 1411 858 1487 gelu
879 1413 929 1471 uix
950 1421 1089 1471 concreta
1113 1421 1144 1471 et

150 1495 243 1555 fames
264 1504 294 1554 et
314 1495 456 1555 lassitudo
478 1502 508 1553 et
526 1512 616 1572 super
636 1493 711 1562 baec
725 1494 877 1554 maximnm
897 1494 1070 1572 pervigiliae
1083 1513 1143 1554 ma·

106 1576 211 1649 151um
239 1578 361 1637 miseras
393 1576 518 1637 infelicis
544 1577 615 1637 belli
640 1576 779 1654 reliquias
806 1576 989 1638 obterebant.
1033 1578 1143 1639 Gentes

151 1677 269 1739 quoque
285 1663 496 1738 nationesque,
512 1677 567 1737 per
584 1677 657 1739 quas
672 1659 901 1736 iterbabebant,
917 1660 1050 1739 palantes
1061 1661 1144 1721 velut

107 1753 142 1808 16
152 1743 289 1820 praedam
306 1742 501 1804 sectabantur.
536 1742 601 1815 Quo
619 1752 706 1822 pacto
723 1744 835 1819 evenit,
858 1753 889 1804 ut
904 1736 1045 1805 nemo⁰ex
1060 1753 1141 1805 tauto

151 1827 300 1902 exercitu,
322 1827 371 1904 qui
391 1826 479 1905 paulo
497 1834 564 1896 ante
580 1826 685 1885 fiducia
698 1827 800 1885 virium
815 1827 899 1888 etiam
913 1827 1053 1888 adversus
1068 1827 1142 1887 deos

151 1910 361 1986 contendebat,
371 1910 431 1996 ,vel
447 1908 483 1968 ad
497 1911 665 1968 memoriam
679 1917 775 1970 tantae
790 1909 882 1970 cladis
897 1920 1076 1991 superesset.

543 2160 748 2170 --—-—

347 2506 350 2511 .
462 2384 670 2506 Linon
708 2435 832 2510 xxv.

122 2659 137 2708 t
212 2649 239 2707 l.
275 2611 357 2707 luter
372 2648 447 2707 duos
461 2666 566 2726 reges,
590 2649 766 2727 Antigonum
783 2661 812 2712 et
826 2652 1016 2728 Antiochum,
1037 2661 1142 2712 statuta

148 2747 224 2807 pace
251 2747 315 2789 cum
341 2731 370 2789 in
390 2729 591 2793 Macedoniam
612 2732 776 2811 Antigonus
804 2745 1020 2810 reverteretur,
1048 2753 1142 2796 novus

119 2823 137 2874 2
150 2814 244 2874 eidem
255 2823 379 2891 repente
390 2814 482 2874 bostis
495 2825 615 2875 exortus
627 2826 681 2876 est.
705 2817 821 2897 Quippe
833 2819 920 2899 Galli,
936 2820 984 2898 qui
996 2837 1013 2878 a
1025 2818 1141 2878 Brenno

115 2948 120 2959 .
147 2897 239 2968 duce,
264 2914 328 2956 cum
343 2898 371 2957 in
386 2897 538 2979 Graeciam
559 2899 813 2977 proficisceretur,
837 2903 873 2963 ad
890 2904 1030 2962 terminos
1043 2902 1142 2979 gentis

146 2978 271 3038 tuendos
286 2979 382 3040 relicti
399 2980 531 3056 fueraut,
547 3001 584 3041 ne
603 2984 660 3043 soli
676 2982 793 3045 desides
812 2987 994 3059 viderentur,
1011 2984 1142 3062 peditum

118 3059 203 3127 aXV
216 3063 312 3137 milia,
330 3064 456 3143 equitum
471 3066 524 3125 tria
538 3065 615 3126 milia
631 3078 814 3128 armaverunt
825 3069 993 3147 fugatisque
1004 3069 1142 3130 Getarum

147 3143 400 3224 Triballorumque
425 3149 519 3225 copiis
541 3148 732 3235 blanqdouiae
753 3146 934 3212 imminentes
961 3152 1077 3229 legatos
1102 3149 1141 3209 atl

146 3244 250 3304 regern
269 3229 425 3304 miseruut,
448 3232 497 3308 qui
517 3244 620 3309 pacem
635 3236 663 3293 ei
679 3236 811 3296 venalem
830 3236 987 3311 olierreut,
1011 3233 1142 3294 simulet

116 3311 228 3386 arogis
245 3319 341 3371 castra
358 3313 589 3389 specularentur.
624 3315 706 3389 Quos
721 3318 884 3395 Antigonus
899 3335 954 3396 pro
969 3317 1063 3394 regali
1077 3334 1141 3374 mu·

118 3391 292 3452 uuiiicentia
302 3394 414 3470 ingenti
426 3406 566 3474 apparatu
582 3399 779 3479 epularum·ad
796 3419 897 3465 cenam
911 3401 1052 3462 invitarit.
1078 3397 1142 3457 Sed
