2442 3975
151 210 210 271 150
435 276 442 288 .
517 216 627 264 rnoar
642 214 771 263 romena
980 208 1069 261 xxv!
1085 213 1109 264 1.
1123 215 1148 264 2.

120 383 179 441 set
194 369 422 450 Peloponnensii
445 387 498 448 per
513 368 707 446 proditionem
722 368 869 443 Antigono
885 368 997 429 traditi:
1010 361 1051 428 'et
1065 372 1141 430 vari·

148 467 214 517 aute
230 456 373 513 homirnum
388 454 491 531 partim
505 451 626 526 dolore,
643 453 745 530 partim
761 452 885 527 gaudio,
905 461 990 529 prout
1006 453 1142 530 singulae

148 541 281 599 civitates
302 546 350 596 aut
366 535 502 596 auxilium
524 536 560 594 de
582 535 675 610 Pyrro
698 543 889 613 speraverant
902 544 950 594 ant
965 545 1058 594 metus
1076 555 1141 596 sus·

147 624 309 695 timuerant,
340 619 379 678 ita
402 627 450 678 aut
472 636 535 677 cnm
556 618 704 693 Antigono
725 619 894 676 societatem
915 618 1073 695 iungebant
1092 630 1141 680 aut

121 707 253 769 dmutuis
274 705 348 762 inter
371 720 404 760 se
427 701 501 761 odiis
523 702 552 759 in
567 699 675 759 bellum
691 700 821 759 ruebant.
858 705 937 759 inter
950 701 1026 761 bunc
1042 702 1140 762 turba·

59 831 64 840 -
149 775 242 861 tarunl
258 786 471 865 provinciarum
486 792 593 843 motum
605 783 744 862 Epiorurn
759 801 876 861 quoque
893 783 962 842 urbs
978 785 1014 843 ab
1027 784 1140 843 Aristo·

122 872 217 936 5tinro
246 871 377 949 principe
402 885 455 945 per
476 867 655 941 tyrannidem
677 875 851 944 occupatur:
874 884 964 943 aquo
981 886 1044 926 cum
1059 868 1141 926 multi

150 972 188 1012 ex
203 952 379 1031 primatibus
395 952 502 1025 occisi,
524 950 623 1028 plures
641 950 669 1006 iu
685 949 802 1008 exilium
818 951 874 1008 acti
890 959 1005 1025 essent,
1025 951 1141 1009 Aetolis

149 1054 204 1114 per
219 1036 334 1112 legatos
350 1033 579 1112 postulantibus,
599 1034 740 1109 coniuges
756 1032 927 1109 liberosque
943 1034 1058 1096 exulum
1074 1034 1141 1093 red·

123 1119 254 1193 oderet,
279 1120 371 1196 primo
395 1117 527 1193 negavit,
553 1125 674 1194 postea,
699 1117 781 1192 quasi
804 1118 984 1194 paeniteret,
1007 1117 1141 1194 proicis·

150 1201 234 1261 cendi
256 1202 291 1260 ad
312 1218 380 1259 suos
402 1208 576 1277 potestatem
598 1199 731 1270 omnibus
754 1200 891 1258 matronis
913 1199 991 1258 dedit
1005 1201 1142 1277 diemque
1175 1249 1180 1256 .

124 1284 344 1361 iprolectionis
365 1283 471 1342 statuit.
517 1280 605 1356 lllae,
636 1283 719 1358 quasi
738 1284 766 1340 in
790 1291 960 1372 perpetuum
982 1301 1045 1341 curn
1069 1284 1142 1340 viris

150 1366 333 1441 exulaturae,
358 1366 569 1443 pretiosissima
585 1382 718 1442 quaeque
734 1366 916 1441 auferentes,
941 1384 1004 1424 cunr
1021 1366 1057 1424 ad
1074 1383 1141 1442 por·

150 1460 206 1509 taur
230 1451 311 1527 quasi
335 1465 391 1507 uno
415 1449 527 1524 agmine
551 1448 737 1525 proiecturae
758 1450 981 1524 convenissent,
1009 1448 1142 1507 omnibns

149 1532 239 1592 rebus
261 1532 404 1609 spoliatae
427 1532 455 1589 in
477 1547 627 1589 carcerem
651 1531 853 1606 recluduntur,
880 1532 986 1591 occisis
1008 1533 1086 1610 prius
1112 1532 1141 1602 in

150 1616 262 1692 gremio
285 1625 405 1674 matrum
428 1613 556 1691 parvulis
580 1614 697 1688 liberis,
720 1615 882 1690 virginibus
904 1616 939 1674 ad
955 1624 1083 1693 stuprum
1098 1613 1140 1672 di·

122 1699 253 1774 8reptis.
281 1698 327 1756 Ac
342 1707 398 1755 tam
414 1714 502 1755 saeva
518 1696 712 1757 dominatione
725 1697 907 1775 stupentibus
920 1693 1050 1757 omnibus
1064 1698 1140 1773 prin·

152 1787 234 1858 ceps
246 1780 347 1839 horum
362 1779 547 1854 Hellanicus,
571 1797 663 1839 senex
685 1789 714 1839 et
732 1780 832 1840 liberis
848 1782 953 1855 orbus,
977 1790 1007 1840 ut
1023 1782 1070 1858 qui
1085 1797 1141 1838 nec

150 1863 254 1922 aetatis
277 1881 332 1922 nec
355 1864 483 1940 pigneris
505 1873 642 1940 respectu
668 1865 800 1940 timeret,
835 1873 1000 1923 contractos
1025 1865 1140 1922 domum

123 1947 307 2012 ofidissimos
323 1947 478 2006 amicorum
492 1947 520 2005 in
534 1945 687 2006 vindictam
702 1949 813 2026 patriae
828 1947 967 2008 hortatur.
995 1944 1140 2006 Cunctan-

150 2028 227 2089 tibus
248 2031 362 2108 privato
387 2029 518 2108 periculo
543 2030 689 2109 publicum
713 2031 795 2090 linire
819 2041 849 2091 et
871 2030 1139 2106 deliberandi.spa·

151 2115 218 2172 tium
252 2112 463 2190 postulantibus
490 2114 640 2172 arcessitis
672 2118 765 2174 servis
794 2114 873 2174 iubet
900 2115 1031 2174 obserari
1058 2114 1140 2172 iores

150 2204 331 2273 tyrannoque
353 2197 500 2270 nuntiare,
523 2197 651 2255 mitteret
672 2199 719 2273 qui
743 2199 908 2258 coniuratos
930 2198 1007 2274 apud
1021 2215 1054 2255 se
1070 2212 1139 2255 con·

152 2278 363 2355 prehenderet;
387 2277 537 2339 obiectans
558 2279 679 2355 singulis
695 2298 745 2356 se,
763 2282 828 2358 quia
845 2281 1012 2340 liberandae
1028 2279 1144 2355 patriae·

108 2372 143 2423 lo
154 2369 254 2419 auctor
272 2379 339 2420 esse
354 2379 411 2420 non
427 2364 535 2439 possit,
554 2361 691 2423 desertae
706 2363 975 2423 ultoremlutnrum.
1001 2361 1081 2420 Tunc
1097 2362 1140 2421 illi

150 2443 268 2519 ancipiti
298 2445 429 2520 periculo
460 2447 647 2505 circumventi
677 2448 872 2505 honestiorem
894 2446 968 2502 viam
992 2444 1139 2520 eligentes

151 2526 303 2585 coniurant
328 2529 355 2584 in
377 2531 488 2601 tyranni
512 2546 632 2603 necem,
664 2537 749 2605 atque
771 2530 808 2586 ita
829 2528 1014 2586 Aristctimus
1039 2529 1138 2607 quinto

150 2618 235 2692 quam
250 2611 428 2683 tyrannidem
444 2622 640 2689 occupaverat
655 2629 753 2669 mense
769 2611 947 2688 opprimitur.

123 2703 138 2753 l
214 2691 249 2771 2,
273 2691 386 2752 Interea
405 2694 566 2770 Antigonus
589 2713 652 2754 cum
669 2692 817 2770 multiplici
839 2692 920 2751 bello
936 2702 965 2752 et
978 2695 1138 2754 Ptolemaei

150 2776 231 2850 regis
255 2784 283 2833 et
300 2776 508 2852 Spartanorum
532 2785 714 2854 premeretur
735 2794 885 2853 novusque
906 2775 947 2835 illi
965 2777 1057 2836 bostis
1073 2776 1137 2836 Gal·

149 2856 318 2933 lograeciae
332 2860 479 2919 exercitus
490 2860 675 2934 adduxisset,
693 2860 862 2936 inspeciem
876 2869 1036 2918 castrorum
1050 2876 1138 2935 parva

150 2958 233 2998 manu
245 2940 398 3001 adversus
422 2952 540 3001 ceteros
555 2943 657 3001 relicta
674 2942 813 3001 adversus
830 2942 930 3001 Gallos
946 2946 1014 3001 totis
1031 2940 1138 3000 viribus

123 3022 357 3099 tproiiciscitur.
395 3023 505 3096 Quibus
528 3025 650 3099 cognitis
667 3023 756 3098 Galli,
779 3042 841 3083 curn
857 3025 958 3101 et‘ipsi
975 3043 1008 3084 se
1024 3023 1138 3102 proelio

149 3117 301 3182 pararent,
319 3109 347 3165 in
362 3109 491 3184 auspicia
508 3124 621 3184 pugnae
636 3106 746 3165 hostias
762 3107 903 3181 caedunt,
928 3125 1047 3183 quarum
1063 3107 1139 3165 extis
1164 3108 1168 3117 '

150 3204 213 3245 cum
228 3206 332 3265 magna
350 3189 457 3249 caedes
476 3191 667 3266 interitusque
688 3192 809 3248 omniurn
828 3190 1064 3267 praediceretur,
1081 3206 1139 3246 non

147 3270 176 3327 in
190 3271 339 3350 timorem,
356 3272 408 3331 sed
425 3274 453 3331 in
464 3272 590 3331 furorem
604 3273 683 3331 versi
696 3281 907 3349 sperantesque
919 3272 1038 3331 deorum
1048 3274 1139 3330 minas

148 3354 261 3427 expiari
283 3355 374 3413 caede
396 3371 511 3412 suorum
535 3371 641 3432 posse,
664 3358 804 3430 coniuges
826 3364 856 3413 et
871 3354 981 3413 liberos
996 3372 1065 3414 suos
1080 3363 1139 3412 tru-

122 3431 263 3507 ttcidant,
285 3433 414 3511 auspicia
428 3435 498 3495 belli
514 3454 529 3495 a
547 3437 703 3513 parricidio
721 3438 903 3514 incipientes.
935 3435 1026 3527 Tspta
1041 3437 1142 3497 rabies
