2442 3975
140 188 183 250 32
518 198 772 247 naoareouenr
1032 193 1142 245 truso

143 354 209 413 citui
231 369 285 430 pao
309 352 445 411 contione
464 351 613 427 recitavit,
640 354 669 411 in
690 351 792 430 quibus
814 351 993 413 hortamenta
1018 352 1140 427 virtutis,

100 452 135 504 lo
142 439 305 498 damnorum
317 435 439 508 solacia,
455 433 524 492 belli
537 435 658 495 consilia
671 437 897 513 conscripserat.
919 434 1020 510 ltaque
1031 443 1139 493 tantum

142 520 276 580 ardorem
294 519 429 579 militibus
446 518 554 590 iniecit,
578 527 607 576 ut
627 518 736 578 nonde
754 518 856 593 salute,
874 518 926 576 sed
940 517 976 577 de
991 516 1140 593 sepultura

142 604 258 664 solliciti
274 611 401 663 tesseras
418 599 569 677 insculptis
584 604 643 660 suis
667 610 697 660 et
717 611 828 679 patrum
848 600 1008 660 nominibus
1035 599 1138 658 dextro

100 703 133 754 11
142 685 278 747 bracchio
300 685 477 760 deligarent:
503 693 551 760 ut,
574 686 599 743 si
624 702 724 744 omues
740 684 893 745 adversum
908 683 1050 762 proelium
1070 700 1138 741 oon·

139 771 312 848 sumpsisset
328 778 358 826 et
375 768 514 844 temporis
531 768 631 845 spatio
655 770 775 828 conlusa
799 786 954 845 corporum
976 766 1140 827 liniamenta

100 862 249 928 laessent,
268 871 306 912 ex
325 851 430 910 indicio
450 849 594 909 titulorum
615 851 687 911 tradi
710 852 876 929 sepulturae
893 859 1023 929 possent.
1069 848 1142 908 Cum

142 941 186 997 sic
200 939 350 1003 animatum
364 952 452 1010 reges
468 937 626 993 exercitum
643 934 785 1010 viderent,
807 944 908 994 curant
929 951 990 993 rem
1008 933 1140 992 hostibus

100 1021 287 1087 13uuntiare;
305 1019 458 1077 Messeniis
475 1027 569 1076 autem
585 1036 643 1077 non
659 1020 789 1077 timorem
803 1035 871 1093 aas,
897 1017 949 1077 sed
973 1017 1139 1077 aemulatio·

65 1112 69 1119 ’
100 1117 205 1183 lenem
218 1110 341 1161 mutuam
355 1100 442 1160 dedit.
486 1100 586 1180 ltaque
606 1104 692 1161 tantis
714 1103 813 1160 animis
835 1118 1005 1161 coneursum
1027 1109 1085 1176 est,
1111 1108 1140 1158 ut

100 1201 207 1252 15raro
222 1203 352 1264 umquam
369 1186 513 1245 cruentius
529 1184 672 1262 proelium
691 1185 788 1244 luerit.
833 1184 878 1243 Ad
901 1193 1076 1262 postremum
1098 1192 1139 1241 ta·

142 1289 208 1329 men
223 1270 345 1327 victoria
360 1266 652 1346 Lacedaemoniorum
665 1268 726 1327 luit.

114 1368 127 1417 1
206 1353 235 1412 6.
267 1352 422 1410 interiecto
448 1360 581 1428 tempore
601 1353 715 1410 tertium
737 1367 853 1429 quoque
874 1350 981 1410 bellum
1002 1351 1139 1410 Messenii

111 1449 335 1514 treparavere,
356 1436 385 1492 in
406 1435 487 1492 euius
508 1434 641 1493 auxilium
662 1434 882 1494 Lacedaemonii
911 1436 984 1492 inter
1009 1434 1139 1509 reliquos

111 1521 239 1586 3soeios
256 1519 340 1577 etiam
355 1517 549 1576 Athenienses
564 1518 737 1594 adhibuere,
761 1534 882 1595 quorum
897 1517 983 1576 fidem
999 1534 1062 1576 eum
1078 1535 1138 1574 sus·

141 1612 257 1682 pectam
274 1601 430 1675 haberent,
448 1619 683 1678 supervacaneos
703 1602 868 1661 simulantes
881 1620 902 1660 a
921 1600 1001 1659 bello
1019 1599 1156 1659 eosdem·

113 1687 318 1750 sdimiserunt.
361 1683 442 1743 Hanc
456 1703 517 1743 rem
532 1685 727 1745 Athenienses
750 1687 878 1762 graviter
900 1685 1029 1743 ferentes
1052 1701 1139 1762 peon·

141 1772 225 1844 niam,
242 1787 315 1846 quae
331 1776 394 1827 erat
409 1770 437 1825 in
452 1768 624 1846 stipendium
638 1769 749 1828 Persici
765 1768 834 1828 belli
851 1768 886 1828 ab
902 1769 1036 1826 universa
1051 1766 1138 1827 Grae·

143 1856 187 1913 oia
206 1853 326 1926 collata,
351 1850 457 1911 aDelo
478 1852 607 1911 Athenas
627 1853 816 1929 transierunt,
840 1871 876 1910 ne
900 1850 1101 1910 deficientibus
1123 1867 1140 1908 a

111 1937 199 2003 sbde
216 1936 364 1995 societatis
377 1934 613 1997 Lacedaemoniis
628 1935 755 2014 praedae
772 1952 806 1995 ao
821 1935 938 2013 rapinae
954 1934 1042 1992 esset.
1080 1932 1140 1991 Sed

142 2039 197 2080 nec
213 2019 432 2080 lacedaemonii
448 2022 604 2098 quievere,
623 2022 672 2097 qui
690 2038 754 2079 eum
771 2019 983 2085 Messeniorum
996 2016 1075 2076 bello
1089 2034 1138 2076 oc-

143 2106 239 2183 cupati
256 2112 364 2180 essent,
380 2104 620 2180 Peloponnenses
633 2104 779 2178 inmisere,
798 2102 846 2178 qui
858 2099 966 2159 bellum
981 2100 1138 2159 Athenien·

112 2188 221 2256 ssibus
242 2187 382 2246 lacerent.
427 2186 538 2246 Parvae
559 2196 626 2246 tuno
647 2186 786 2263 temporis
809 2184 903 2255 classe
924 2186 951 2243 in
972 2184 1144 2261 Aegyptum·

141 2274 227 2331 missa
244 2272 321 2329 vires
336 2270 562 2329 Atheniensibus
578 2280 669 2330 erant.
702 2268 804 2347 ltaque
817 2267 914 2328 navali
929 2268 1044 2346 proelio
1057 2267 1137 2326 dimi·

111 2368 130 2422 7
143 2363 242 2413 cantes
266 2353 353 2411 facile
375 2363 555 2431 superantur.
599 2354 756 2413 interiecto
785 2351 889 2412 deinde
912 2360 1044 2428 tempore
1070 2358 1139 2428 post

141 2436 262 2496 reditum
277 2453 391 2496 suorum
408 2440 482 2496 aucti
504 2446 533 2495 et
554 2436 656 2497 classis
677 2446 707 2496 et
726 2437 844 2495 militum
866 2434 973 2494 robore
996 2433 1138 2512 proelium

112 2529 287 2598 &reparant
330 2520 389 2579 lam
407 2529 436 2578 et
453 2520 673 2580 Lacedaemonii
694 2521 808 2579 omissis
826 2519 978 2579 Messeniis
999 2516 1138 2577 adversus

113 2604 334 2674 9Athenienses
350 2621 426 2663 arma
442 2612 599 2663 verterant.
631 2603 686 2662 Diu
702 2604 782 2674 varia
797 2604 919 2661 victoria
934 2602 999 2660 luit:
1019 2601 1054 2660 ad
1070 2591 1137 2678 pos·

100 2698 259 2757 lotremum
282 2705 376 2764 aequo
403 2687 495 2746 Marte
518 2689 659 2764 utrimque
686 2686 855 2746 discessum.
906 2684 977 2744 lnde
1006 2683 1138 2743 revocati

140 2770 360 2833 Lacedaemonii
383 2770 417 2830 ad
438 2770 648 2832 Messeniorum
669 2769 794 2845 bellum,
824 2787 861 2828 ne
882 2769 1005 2828 medium
1025 2778 1137 2845 tempus

142 2858 265 2915 otiosum
289 2854 513 2914 Atheniensibus
540 2855 752 2931 relinquerent,
780 2870 844 2932 eum
872 2852 1017 2913 Thebanis
1044 2853 1136 2929 pacis·

142 2949 258 3013 cuntur,
282 2947 312 2996 ut
327 2937 514 2998 Boeotiorum
531 2939 682 3015 imperium
696 2935 740 2995 his
756 2937 956 3010 restituerent,
973 2933 1050 3010 quod
1067 2942 1136 2991 tem·

140 3022 260 3101 poribus
275 3020 345 3081 belli
362 3021 473 3081 Persioi
485 3022 649 3097 amiserant,
662 3028 691 3078 ut
706 3020 748 3080 illi
759 3019 977 3079 Atheniensium
986 3016 1062 3075 bella
1074 3034 1136 3073 sus·

100 3117 130 3169 ll
141 3108 281 3183 ciperent.
326 3105 433 3165 Tantus
447 3105 528 3164 furor
544 3106 750 3183 Spartanorum
767 3113 844 3179 erat,
867 3097 1029 3176 ut'duobus
1049 3098 1138 3158 bellis

141 3188 262 3265 inpliciti
277 3191 428 3267 suscipere
445 3191 559 3248 tertium
574 3206 632 3247 non
646 3195 832 3262 recusarent,
847 3184 1000 3244 dummodo
1012 3183 1138 3242 'inimicis

98 3283 132 3334 12
140 3273 197 3330 suis
212 3272 311 3330 hostes
327 3272 520 3350 adquirerent.
564 3272 656 3349 lgitur
670 3271 864 3330 Athenienses
880 3269 1019 3329 adversus
1031 3274 1137 3326 tantam

141 3362 341 3431 tempestatem
355 3355 425 3415 belli
441 3355 514 3415 duos
537 3355 627 3415 duces
649 3353 793 3430 deligunt,
816 3352 965 3428 Periclen,
987 3358 1138 3429 spectatae

95 3436 252 3547 p3virtutis
266 3438 367 3513 virum,
385 3446 414 3497 et
429 3438 616 3516 Sophoclea,
638 3433 812 3515 scriptorem
836 3435 1066 3512 tragoediarum:
1090 3433 1138 3511 qui
