2442 3975
88 199 247 254 vlt.v[1
441 190 746 250 nrsu'.‘1>fl1n.1se1n.
1048 191 1090 252 45

88 361 177 419 monii
191 374 338 418 memores
355 354 527 415 Atheniensi
541 353 623 413 bello
636 354 721 413 enixe
737 371 770 413 se
782 354 846 412 eius
860 371 951 432 opera
963 356 1089 432 adiutos,
1163 390 1166 393 -

88 445 169 503 velut
186 445 355 518 ignorantes
383 447 484 498 contra
500 446 585 516 quem
609 436 717 496 bellum
739 446 907 514 pararetur,
931 436 1090 507 decernunt

89 527 196 586 auxilia
219 522 298 598 Cyro
322 521 476 596 mittenda,
501 519 549 578 ubi
569 538 618 579 res
639 521 702 578 eius
719 520 886 595 exegisset:
914 532 1122 598 quaerentes?

89 610 166 686 apud
182 606 288 681 Cyrum
301 606 422 681 gratiam
438 613 468 662 et
483 603 559 681 apud
574 602 775 677 Artaxerxen,
793 604 817 662 si
833 605 970 678 vicisset,
987 607 1089 665 veniae

89 691 262 786 patrocinia,
278 696 343 747 curn
360 687 428 746 nihil
444 686 583 745 adversus
596 704 661 745 eum
675 696 775 828 apperte
787 686 998 746 decrevissent.
1028 688 1088 747 Sed
1104 700 1124 754 8

90 791 154 832 curn
173 774 202 830 in
217 771 298 831 bello
309 770 372 830 fors
387 770 491 847 proelii
502 770 679 846 utrumquef
711 778 784 828 trem
795 786 911 845 pugnae
925 769 1089 850 obtulisset,

89 855 172 933 prior
186 854 403 913 Artaxerxesa
420 853 510 912 fratre
531 851 714 911 vulneratur.
739 869 824 948 quern
846 870 910 913 curu
931 854 998 930 equi
1019 854 1123 930 fugat)

91 937 226 1015 periculo
243 936 445 1011 subtraxisset,
465 934 558 1009 Cyrus
576 953 592 993 a
615 934 737 993 cohorte
759 935 842 1011 regia
864 948 1025 1012 oppressus
1049 938 1090 994 in·

89 1021 242 1080 terficitur.
279 1020 329 1078 Sic
344 1021 439 1078 victor
453 1019 639 1078 Artaxerxes
655 1026 685 1075 et
700 1016 809 1094 praeda
824 1018 944 1078 fraterni
968 1019 1040 1079 belli
1061 1029 1091 1079 et

89 1103 223 1162 exercitu
238 1103 356 1180 potitur.
389 1101 421 1160 ln
446 1117 483 1160 eo
504 1101 620 1177 proelio
642 1100 743 1159 decem
763 1100 841 1160 milia
865 1099 1041 1162 Graecorum
1065 1105 1093 1161 in
1101 1115 1134 1166 10

89 1186 197 1245 auxilio
213 1183 283 1259 Gyri
299 1185 398 1243 fuere:
416 1202 492 1261 quae
509 1192 539 1241 et
555 1185 584 1241 in
599 1199 700 1258 cornu,
716 1184 744 1241 iu
759 1200 817 1260 quo
837 1192 995 1260 steterant,
1010 1187 1089 1244 vioe·

89 1278 154 1327 runt
170 1278 199 1327 et
215 1277 419 1346 postmortem
436 1265 505 1340 Gyri
520 1284 615 1344 neque
632 1267 717 1325 armis
732 1284 748 1325 s
763 1275 842 1331 tanto
859 1270 989 1327 exercitu
1013 1270 1090 1328 vinci

88 1369 184 1428 neque
207 1352 275 1411 dolo
297 1352 363 1429 capi
385 1359 554 1427 potuerunt;
579 1358 821 1427 revertentesque
844 1352 919 1409 inter
938 1352 1130 1415 indomitasll

89 1435 221 1494 nationes
239 1443 268 1493 ct
282 1433 422 1493 barbaras
437 1441 543 1509 gentes
560 1450 614 1511 per
626 1441 708 1491 tauta
732 1432 843 1492 itineris
868 1435 962 1511 spatia
982 1436 1088 1495 virtute

90 1535 123 1575 se
140 1535 232 1595 usque
248 1517 387 1577 terminos
403 1517 514 1594 patriae
531 1514 733 1574 defenderunt.

474 1807 686 1817 ...m——

350 2074 353 2078 ·
427 2046 641 2120 LIBER
673 2043 739 2118 VI.

153 2265 179 2322 l.
202 2229 448 2338 Lacedaemonii,
476 2279 558 2321 more
584 2264 692 2339 ingenii
714 2263 827 2322 humaui
853 2280 910 2340 quo
933 2263 1015 2340 plura
1040 2263 1120 2325 ira-1

87 2346 156 2405 frent
176 2364 213 2405 eo
236 2347 376 2423 ampliora
392 2348 561 2423 cupientes,
578 2346 778 2404 noncontenti
801 2347 974 2405 accessione
998 2346 1088 2407 Athe·

86 2432 227 2489 niensium
249 2447 335 2508 opum
358 2430 437 2487 vires
460 2429 515 2488 sibi
538 2429 700 2507 duplicatas
722 2429 810 2490 totius
827 2428 916 2489 Asiae
938 2432 1089 2508 imperium

87 2512 237 2572 adfectare
260 2520 438 2589 coeperunt:
461 2512 515 2571 sed
538 2513 630 2570 maior
652 2529 721 2588 pars
744 2510 797 2570 sub
822 2529 914 2588 regno
936 2513 1088 2573 Persarum

87 2605 159 2654 erat.
198 2595 299 2672 ltaque
313 2594 501 2669 Dercyllides
516 2595 573 2655 dux
590 2595 618 2652 in
639 2594 714 2654 hanc
736 2594 862 2672 militiam
886 2597 1000 2656 electus
1024 2604 1122 2656 eumd

86 2678 203 2736 videret
217 2677 273 2735 sibi
290 2678 430 2737 adversus
443 2679 515 2738 duos
528 2677 698 2755 praefectos
709 2679 881 2739 Artaxerxis
893 2680 984 2755 regis,
1000 2678 1087 2738 Pher·
1174 2741 1184 2760 ⁸

87 2759 229 2818 naitanum
246 2767 275 2817 et
289 2760 471 2838 Tisafernen,
487 2761 671 2820 maximarum
685 2762 813 2837 gentium
828 2763 939 2821 viribus
956 2764 1087 2820 succinc-

88 2852 135 2900 tos
153 2841 358 2916 dimicandum,
385 2842 592 2919 pacificandum
621 2862 684 2904 cnm
714 2845 807 2904 altero
829 2846 936 2904 statuit.
983 2840 1121 2919 Aptior3

86 2926 166 2984 visus
192 2923 379 3000 Tisafernes,
405 2927 450 2984 vir
471 2935 500 2984 et
519 2928 658 2987 industria
684 2929 780 3003 potior
805 2937 834 2987 et
861 2923 995 2985 militibus
1017 2922 1087 2998 Cyri

88 3008 329 3151 qnondanffis
344 3010 527 3084 instructior,
551 3012 579 3069 in
594 3010 772 3088 colloquium
786 3018 908 3069 vocatur
924 3015 953 3065 et
974 3008 1087 3067 statutis

73 3091 253 3150 ‘condicioni
275 3111 308 3151 us
335 3091 371 3151 ab
397 3094 484 3152 armis
508 3093 666 3153 dimittitur.
699 3093 779 3152 Hanc
801 3110 862 3165 renr
886 3089 1121 3151 Pharnabazusd

61 3231 65 3246 ᾗ
87 3174 162 3250 apud
181 3192 361 3234 communem
375 3193 476 3251 regem
493 3177 672 3235 criminatur:
689 3174 976 3234 utLacedaemonios
989 3171 1087 3231 Asiam

86 3257 236 3332 ingressos
258 3274 317 3317 ιιοιι
337 3259 499 3335 reppulerit
521 3262 623 3333 armis,
650 3260 732 3317 sed
723 3257 862 3336 impensis
878 3256 968 3332 regiis
983 3254 1088 3313 aluerit

87 3351 292 3418 merceturque
309 3341 345 3400 ab
361 3342 416 3415 his,
433 3350 465 3401 ut
480 3341 614 3401 differant
629 3341 707 3400 bella
720 3357 804 3417 quam
818 3347 932 3424 gerunt,
945 3348 1119 3417 tamquamd

88 3438 145 3481 non
160 3425 194 3482 ad
212 3426 296 3483 unius
312 3441 448 3484 summam
466 3424 579 3501 imperii
594 3424 793 3482 detrimentum
816 3439 901 3484 omne
922 3423 1083 3507 perveniat
