2442 3975
167 161 226 223 160
512 121 640 218 ιΤιιοαι
655 170 787 218 rourum
907 159 996 215 xxtx
1009 168 1033 216 4.
1053 164 1157 218 xxttr

166 336 223 385 tum
246 325 350 396 deinde
372 324 406 384 ad
423 322 595 383 Annibalem
618 323 781 398 iungendae
805 323 958 383 societatis
978 325 1071 400 gratia
1090 343 1159 385 cunr

136 409 297 486 aepistulis
319 409 416 466 mittit:
441 408 490 485 qui
512 406 732 484 conprehensus
753 415 782 464 et
800 405 837 464 ad
851 415 981 465 senatum
997 408 1158 483 perductus

165 492 316 551 incolumis
334 491 465 550 dimissus
483 498 543 563 est,
558 490 659 547 nonin
674 489 814 548 honorem
827 492 918 566 regis,
936 490 989 548 sed
1000 508 1037 549 ne
1051 489 1157 550 dubius

136 574 449 639 ladhuc'indubitatus
464 573 556 632 hostis
570 572 753 632 redderetur.
781 571 888 632 Postea
903 590 993 650 vero,
1016 590 1080 632 cum
1096 574 1157 634 Ro·

166 659 255 717 manis
277 659 432 730 nuntiatum
453 665 534 714 esset
555 657 583 713 in
597 654 709 718 ltaliam
723 654 885 733 Philippum
902 657 1004 734 copias
1019 658 1155 717 traiecta·

165 760 243 815 rum,
264 740 419 800 Laevinum
437 746 602 817 praetorem
620 756 684 797 cum
702 739 850 798 instructis
865 739 987 800 navibus
1005 739 1040 799 ad
1057 742 1155 817 prohi-

136 824 288 887 5bendum
304 824 453 883 transitum
466 824 586 881 mittunt.
611 821 667 894 Qui
685 838 749 880 cunr
766 824 794 879 in
811 820 963 882 Graeciam
979 824 1155 899 traiecisset,

166 907 261 966 multis
277 907 428 984 promissis
445 905 559 1000 inpellit
571 904 697 964 Aetolos
712 904 820 964 bellurn
839 906 981 965 adversus
993 905 1156 984 Philippum
1185 922 1189 928 ·

156 991 328 1067 ,suscipere
362 988 512 1067 Philippus
528 1005 646 1067 quoque
663 987 800 1048 Achaeos
816 990 844 1047 in
863 989 1059 1049 Romanorum
1075 989 1156 1049 bella

138 1073 315 1137 lisollicitat.
346 1072 460 1131 Interea
478 1080 508 1130 et
520 1070 647 1131 Dardani
661 1070 851 1132 Macedoniae
867 1073 939 1145 fines
954 1082 1069 1133 vastare
1087 1089 1156 1132 coe·

165 1166 285 1233 perunt,
317 1155 507 1233 obduratisque
527 1152 584 1212 XX
608 1153 723 1213 milibus
752 1156 931 1232 captivorum
951 1156 1113 1235 Philippum
1140 1173 1157 1215 a

136 1249 152 1303 7
167 1240 297 1298 Romano
313 1238 394 1297 bello
414 1238 449 1297 ad
464 1236 599 1296 tuendum
613 1255 735 1314 regnum
746 1249 971 1300 revocaverunt.
995 1239 1068 1297 Dum
1081 1240 1158 1299 haec
1202 1271 1206 1277 ·

105 1349 117 1402 .'
150 1331 304 1398 aguntur,
326 1321 466 1379 Laevinus
483 1329 601 1397 praetor
616 1321 710 1379 iuncta
728 1339 791 1379 cum
805 1322 904 1382 Attalo
924 1323 1156 1398 rege'societate

166 1402 316 1464 Graeciam
337 1404 501 1481 populatur.
547 1402 658 1476 Quibus
685 1403 816 1464 cladibus
841 1406 996 1483 perculsae
1022 1406 1157 1465 ciuitates
1195 1419 1207 1440 ·

136 1487 303 1552 &auxilium
325 1496 460 1565 petentes
475 1486 639 1563 Philippum
654 1487 849 1563 legationibus
868 1489 1003 1565 fatigant;
1028 1505 1157 1548 necnon

166 1579 197 1630 et
211 1570 375 1644 lllyriorum
396 1587 484 1646 reges
508 1569 591 1629 lateri
615 1571 678 1628 eius
700 1570 855 1650 haerentes
871 1572 999 1631 adsiduis
1018 1570 1157 1651 precibus

165 1656 308 1732 promissa
324 1653 489 1729 exigebant.
513 1653 609 1730 Super
625 1653 699 1712 haec
713 1657 815 1714 vastati
827 1654 1006 1716 blaeedones
1019 1656 1158 1715 ultionem
1186 1653 1190 1658 “

138 1736 345 1813 tillagitabant.
383 1735 496 1809 Quibus
516 1744 560 1794 tot
580 1738 724 1813 tantisque
745 1736 832 1798 rebus
863 1740 1021 1814 obsessus,
1047 1739 1091 1797 cui
1112 1740 1157 1797 rei

166 1821 286 1899 primum
308 1828 493 1894 occurreret,
516 1818 697 1895 ambigebat:
722 1820 853 1880 omnibus
874 1832 970 1881 tamen
985 1822 1157 1900 propediem
1183 1817 1189 1825 ’

165 1905 273 1964 auxilia
290 1922 322 1963 se
337 1904 488 1962 missurum
503 1902 676 1979 pollicetur,
695 1921 752 1963 non
768 1906 835 1983 quia
849 1904 949 1983 iacere
966 1912 1067 1983 posset
1080 1922 1157 1982 quae

165 1987 369 2065 promittebat,
386 1987 439 2046 sed
454 1995 484 2045 ut
499 2004 553 2064 spe
571 1987 699 2064 inpletos
715 1990 743 2047 in
758 1990 908 2049 societatis
926 1991 988 2048 iure
1003 1989 1157 2047 retineret.

125 2071 262 2135 loPrima
282 2079 377 2130 tamen
398 2069 440 2130 illi
464 2069 612 2148 expeditio
629 2071 771 2135 adversus
786 2071 938 2132 Dardanos
954 2072 1021 2146 luit,
1041 2073 1090 2149 qui
1106 2071 1157 2130 ab·

166 2156 287 2213 sentiam
322 2156 384 2239 eips
417 2162 595 2230 aucupantes
629 2154 739 2213 maiore
765 2156 836 2214 belli
862 2158 940 2216 mole
965 2155 1157 2215 Macedoniae

124 2250 156 2301 11
169 2237 351 2310 inminebant.
390 2234 460 2295 (lum
481 2235 618 2296 Romanis
642 2254 759 2316 quoque
781 2257 884 2317 pacem
903 2239 988 2312 lacit,
1012 2239 1157 2297 contentis

166 2321 280 2380 interim
292 2321 398 2379 bellum
407 2319 626 2379 Macedonicum
638 2320 796 2381 distulisse.
813 2322 1032 2400 Philopoemeni
1041 2321 1157 2380 Achae-

166 2420 248 2462 orum
270 2403 352 2478 duci,
376 2421 461 2481 quem
481 2405 516 2464 ad
531 2403 679 2463 Romanos
700 2408 846 2465 sociorum
867 2407 977 2465 animos
993 2404 1158 2465 sollicitare

166 2486 326 2563 didicerat,
342 2487 459 2546 insidias
475 2487 648 2564 praetendit.
673 2486 783 2560 Quibus
800 2487 849 2547 ille
862 2488 986 2563 cognitis
998 2488 1157 2566 vitatisque

165 2568 320 2629 discedere
336 2569 371 2629 ab
388 2587 425 2630 eo
440 2569 578 2630 Achaeos
593 2572 766 2642 auctoritate
782 2588 834 2629 sua
852 2572 961 2647 coegit.

556 2797 768 2806 ——m-

431 2973 684 3087 unuum
727 3013 851 3087 xxx.
926 3026 929 3034 ·

140 3242 155 3293 1
233 3234 261 3291 1.
284 3195 427 3310 Philippo
451 3234 481 3291 in
495 3231 666 3292 blacedonia
691 3234 802 3309 magnis
824 3230 912 3291 rebus
930 3232 1037 3291 intento
1054 3230 1082 3288 in
1099 3229 1159 3289 Aa·

140 3323 259 3389 egypto
276 3315 434 3389 Ptolemaei
459 3316 566 3375 diversi
587 3332 685 3375 mores
709 3323 806 3375 erant:
831 3315 939 3392 quippe
956 3330 1047 3392 regno
1066 3314 1160 3391 parri-

167 3396 243 3455 cidio
273 3407 356 3474 parto
383 3407 412 3456 et
436 3399 472 3458 ad
497 3417 600 3458 necem
627 3400 777 3476 utriusque
804 3399 933 3476 parentis
954 3397 1045 3456 caede
1073 3397 1163 3456 etiarn
