2442 3975
119 210 184 266 tta.
198 212 231 263 to
461 217 552 266 aisn.
568 219 663 266 euin.
679 221 770 269 nnnc.
1076 214 1114 275 21

118 372 195 431 milia
211 370 334 430 hostium
349 372 376 429 in
394 373 502 450 campis
514 372 702 432 Marathoniis
719 375 747 432 in
760 374 1116 452 proeliumegrediuntur.

118 454 262 515 Miltiades
284 464 313 513 et
334 454 391 513 dux
406 454 476 514 belli
492 465 554 515 erat
570 465 599 514 et
615 466 717 517 auctor
734 476 790 517 non
809 459 984 535 expectandi
999 462 1158 526 auxilii110

119 556 204 617 quem
225 546 303 598 tanta
325 538 428 597 liducia
450 549 585 617 ceperat,
611 541 728 619 utplus
752 540 889 620 praesidii
912 543 940 600 in
964 543 1115 604 celeritate

120 640 203 702 quam
223 622 251 678 in
273 623 362 680 sociis
385 622 513 686 duceret.
543 623 649 699 Magna
674 627 760 701 igitur
785 626 813 683 in
837 642 962 702 pugnam
983 627 1115 686 euntibus
1125 641 1155 691 11

100 707 276 766 ⁴animorum
298 705 434 765 alacritas
454 707 522 782 fuit,
551 705 626 767 adeo
650 717 696 783 ut,
725 726 788 767 cum
817 708 895 768 mille
917 727 1022 786 passus
1042 712 1115 769 inter

119 789 189 848 duas
211 791 291 848 acies
312 799 426 866 essent,
453 791 540 849 citato
566 808 652 849 cursu
673 801 740 850 ante
761 794 865 852 iactum
890 795 1058 868 sagittarum
1078 793 1114 853 ad

118 873 231 932 hostem
248 874 387 931 uenerint.
419 872 484 933 Nec
500 874 637 933 audaciae
660 875 722 934 eius
738 884 859 935 eventus
882 876 986 935 deluit:
1007 896 1114 955 pugna·
1104 888 1156 940 ·12

118 966 176 1015 tum
189 964 234 1014 est
249 957 324 1014 enim
338 965 413 1016 tanta
430 959 552 1033 virtute,
570 966 599 1016 ut
615 957 682 1017 hinc
699 960 790 1036 viros,
806 959 872 1041 inde
889 960 1017 1037 pecudes
1034 970 1112 1039 puta·

118 1058 177 1099 res.
208 1040 283 1098 Victi
300 1038 441 1099 Persae
433 1060 462 1099 m
482 1059 572 1100 naves
593 1041 802 1120 confugerunt,
825 1062 862 1102 ex
883 1043 985 1120 quibus
1006 1045 1156 1108 multaera

119 1141 311 1202 suppressae,
332 1123 438 1183 mbltae
460 1134 563 1201 captae
588 1135 663 1184 sunt.
693 1125 724 1184 ln
747 1143 783 1184 eo
801 1126 915 1204 proelio
932 1136 1007 1187 tanta
1026 1129 1156 1190 virtus14

118 1207 296 1283 singulorum
316 1208 383 1282 fuit,
408 1218 453 1283 ut,
482 1210 563 1267 cuius
584 1209 647 1267 laus
670 1210 760 1287 prima
782 1218 878 1286 esset,
903 1209 947 1269 dil
933 1210 1022 1270 llicile
1044 1210 1112 1270 iudi·

118 1292 192 1350 cium
207 1290 364 1350 videretur.
394 1291 472 1350 Inter
487 1301 604 1351 ceteros
619 1301 713 1350 tamen
724 1293 928 1353 Themistoclis
942 1294 1111 1355 adulescen·
1122 1305 1154 1357 15

117 1375 155 1451 tis
169 1375 263 1451 gloria
281 1375 412 1451 emicuit,
437 1377 466 1433 in
489 1393 545 1453 quo
560 1377 622 1451 ,iam
643 1376 755 1436 indoles
775 1376 886 1435 luturae
908 1378 1111 1456 imperatoriae

118 1458 263 1536 dignitatis
277 1459 419 1537 apparuit.
451 1457 589 1535 Cynegiri
605 1476 721 1536 quoque
737 1459 832 1518 militis
847 1460 1034 1525 Atheniensis
1049 1461 1112 1537 glo·
1123 1470 1154 1524 16

117 1544 158 1602 ria
174 1543 286 1618 magnis
299 1545 475 1620 scriptorum
485 1542 617 1601 laudibus
630 1542 776 1602 celebrata
787 1552 845 1618 est,
861 1545 908 1620 qui
924 1553 992 1620 post
1009 1543 1113 1621 proelii
1121 1552 1153 1606 17

118 1627 279 1685 innumeras
305 1625 411 1685 caedes
442 1643 505 1685 cum
532 1626 678 1701 fugientes
699 1625 801 1684 hostes
823 1625 859 1685 ad
880 1644 970 1691 naves
991 1628 1111 1702 egisset,

118 1718 247 1768 onustam
267 1727 368 1768 navem
389 1709 490 1769 dextra
509 1727 591 1780 manu
615 1709 705 1769 tenuit
724 1727 779 1767 nec
800 1710 880 1787 prius
901 1709 1005 1768 dimisit
1029 1727 1111 1787 quam

13 1806 18 1815 ·
117 1810 228 1852 manum
245 1794 401 1851 amitteret:
428 1802 485 1852 tum
508 1810 626 1870 quoque
649 1800 793 1869 amputata
814 1791 934 1852 dextera
957 1811 1059 1852 navem
1075 1794 1111 1852 si·
1122 1800 1154 1853 1ss

117 1877 205 1935 nistra
222 1874 445 1953 conprehendit,
467 1893 551 1953 quam
566 1884 595 1934 et
615 1875 707 1952 ipsam
724 1892 787 1932 cum
808 1872 966 1951 amisisset,
989 1875 1025 1934 ad
1044 1893 1111 1952 pos,-

117 1970 236 2020 tremum
251 1977 349 2019 morsu
366 1976 469 2019 navem
484 1959 611 2019 detinuit.
642 1957 760 2017 Tantam
772 1957 799 2016 in
816 1976 852 2017 eo
867 1958 1001 2017 virtutem
1011 1958 1111 2033 luisse,
1121 1966 1154 2020 19

58 2116 61 2121 Ι
117 2053 215 2102 utnon
226 2052 268 2103 tot
280 2043 418 2102 caedibus
429 2043 576 2119 fatigatus,
593 2059 650 2100 non
663 2040 773 2100 duabus
785 2041 914 2100 manibus
929 2043 1040 2101 amissis
1052 2042 1110 2100 vic·

116 2137 174 2201 tus,
187 2135 304 2183 truncus
316 2127 351 2185 ad
367 2134 543 2203 postremum
558 2135 586 2184 et
600 2126 679 2184 velut
691 2124 789 2184 rabida
808 2125 870 2184 fera
884 2123 1016 2183 dentibus
1034 2124 1111 2184 dimi·

119 2210 238 2269 caverit
263 2207 393 2267 Ducenta
409 2208 483 2267 milia
496 2209 603 2269 Persae
618 2229 668 2268 seu
681 2208 832 2286 proelio
809 2227 870 2267 srue
883 2209 1034 2285 naufragio
1046 2209 1154 2268 ami-20

90 2299 93 2302 “
117 2310 194 2351 sere.
221 2289 334 2374 Cecidit
347 2299 375 2350 et
386 2291 517 2369 Hippias,
530 2293 667 2371 tyrannus
679 2291 874 2367 Atheniensis,
890 2302 990 2352 auctor
1002 2302 1030 2351 et
1044 2309 1111 2351 con·
1102 2300 1152 2352 -21

118 2377 192 2435 nitor
208 2377 270 2434 eius
285 2375 370 2451 belli,
391 2375 435 2434 dis
458 2376 569 2453 patriae
585 2375 726 2435 ultoribus
743 2393 853 2453 poenas
870 2376 1079 2474 repetentibus.

181 2461 230 2519 1.0
181 2459 368 2519 lnterea
384 2468 412 2518 et
427 2459 556 2534 Dareus
583 2458 975 2536 cumbellnmrestauraret,
996 2462 1025 2519 in
1046 2460 1141 2539 ipso]

116 2552 256 2622 apparatu
271 2543 394 2620 decedit,
410 2543 521 2604 relictis
536 2542 631 2602 multis
647 2542 714 2602 filiis
730 2550 759 2600 et
774 2543 802 2600 in
817 2560 909 2618 regno
926 2553 955 2603 et
966 2552 1032 2603 ante
1044 2560 1110 2618 reg·

116 2645 182 2688 num
198 2630 352 2704 susceptis.
381 2626 428 2686 Ex
438 2627 482 2685 his
497 2626 687 2685 Ariaemenes
702 2624 839 2691 maximus
857 2636 922 2685 natu
938 2628 1040 2686 aetatis
1055 2628 1109 2702 pri·
1125 2633 1142 2683 2

116 2709 225 2783 vilegio
240 2727 361 2785 regnum
376 2710 430 2768 sibi
446 2708 623 2786 vindicabat,
641 2708 718 2786 quod
734 2710 777 2767 ius
794 2718 822 2768 et
841 2710 912 2769 ordo
929 2707 1066 2769 nascendi
1083 2716 1111 2765 et

117 2800 217 2848 natura
233 2792 296 2867 ipsa
312 2793 445 2867 gentibus
460 2792 547 2851 dedit
575 2792 668 2852 Porro
680 2792 796 2852 Xerxes
813 2792 1042 2852 controversiam
1055 2800 1144 2852 nond

118 2873 281 2949 deordine,
306 2874 406 2934 sedda
424 2876 561 2934 nascendi
581 2876 721 2935 felicitate
739 2875 901 2935 referebat:
927 2893 991 2933 nam
1009 2872 1143 2933 Atiae-4

93 2973 228 3018 ¹rnenem
250 2960 369 3037 primum
395 2958 508 3037 quidem
524 2959 636 3035 Dareo,
664 2958 716 3018 sed
735 2960 848 3036 privato
868 2957 1054 3035 provenisse
1077 2972 1109 3012 se

116 3043 180 3117 regi
204 3043 324 3119 primum
349 3055 453 3103 natum
485 3042 602 3102 Fratres
626 3044 722 3120 itaque
748 3060 831 3116 suos,
856 3041 903 3119 qui
927 3048 992 3098 ante
1020 3037 1142 3114 genitia

116 3135 228 3201 essent,
260 3129 400 3204 privatum
428 3128 643 3203 patrimonium,
673 3125 750 3203 quod
781 3143 816 3183 eo
845 3133 978 3200 tempore
998 3121 1111 3184 Dareus

116 3206 278 3284 habuisset,
296 3227 353 3268 non
369 3229 488 3286 regmun
507 3209 655 3269 vindicare
675 3208 728 3266 sibi
750 3226 855 3286 posse:
875 3224 907 3278 se
921 3222 1006 3280 esse,
1026 3222 1110 3282 quem

115 3295 234 3369 primum
259 3293 287 3366 in
308 3311 402 3369 regno
424 3295 479 3352 iam
501 3312 555 3356 rex
579 3301 662 3370 pater
684 3290 840 3349 sustulerit.
871 3288 933 3348 Huc
957 3289 1144 3363 accedere‚6

116 3374 191 3452 quod
214 3375 404 3435 Ariaernenes
426 3394 484 3436 non
501 3385 583 3453 patre
605 3384 730 3449 tantum,
755 3373 807 3432 sed
826 3382 854 3432 et
872 3381 962 3432 matre
981 3373 1111 3450 privatae

114 3455 207 3515 adhuc
232 3459 385 3534 fortunae,
413 3477 467 3519 avo
498 3477 614 3542 (proque
644 3465 774 3516 materno
804 3458 917 3534 privato
941 3464 1112 3534 procreatus
1187 3479 1189 3484 ¹
