2442 3975
84 173 87 179 ’
131 201 167 246 vr
533 199 740 249 rnnurnrro.

213 358 279 418 naa
297 352 416 418 'codices
438 373 458 416 a
478 356 539 440 Fr„
558 358 635 418 Gaii.
659 356 900 436 Ottonecottati:
1013 428 1017 437 ‚

1 457 3 462 ·
133 443 220 502 d:
237 443 389 503 dissensio.
420 441 460 502 N.
475 442 624 503 LXXIX.
646 440 686 501 B.
702 441 734 506 S.
755 443 828 502 Mss.
839 441 911 503 233.
942 440 1067 500 Memor.
1086 441 1143 514 sot.

238 524 296 585 172
315 527 418 601 soliar.
446 527 484 586 ab
504 527 605 588 Ottone
625 543 704 588 saec.
734 527 816 588 VIII
828 530 875 588 ael
893 526 957 598 IX,
985 542 1006 585 a
1023 543 1145 587 censore

238 613 363 686 Gottina.
387 612 466 687 (del.
488 611 565 672 Ana.
589 611 681 675 1841.
712 611 755 671 St.
774 611 836 672 206
856 622 885 672 et
906 611 981 688 207)
1002 627 1081 671 saec.
1102 611 1145 684 X,

234 698 273 757 ah
286 697 423 758 Adriano
441 714 520 758 saec.
534 696 603 758 XV
618 697 796 773 adscriptas,
815 699 915 758 maltis
933 698 1005 757 locis
1025 711 1065 757 m.
1086 713 1145 757 sec.

234 787 394 847 correctas.
438 783 562 857 Protoai.
575 784 735 858 praemissi
753 787 831 843 sant.

130 868 168 927 M
177 867 468 943 :Mariarpensis
514 866 583 927 dod.
611 867 679 927 aiot.
705 868 795 927 acad.
815 866 914 927 Maro.
939 866 984 925 Oi.
1005 865 1032 927 I.
1054 867 1090 927 Α.
1113 866 1144 926 2.

190 1019 194 1027 ,
236 951 337 1011 Citari
356 952 415 1025 fot.
438 968 517 1014 saec.
530 951 603 1022 XV,
629 948 689 1011 132
708 951 811 1025 folior.
848 951 915 1013 Iino
929 954 1048 1027 priores
1066 968 1145 1027 pro-

231 1039 294 1110 iopi
302 1038 462 1111 praemissi
475 1045 552 1098 sant.
596 1036 706 1098 Varias
719 1040 856 1098 lectiones
870 1054 887 1097 e
902 1037 989 1098 codd.
1028 1036 1101 1097 Giss.
1118 1047 1149 1099 et

232 1121 332 1181 Maro.
355 1125 484 1182 enotavit
505 1121 568 1183 Otto
595 1124 627 1182 in
651 1124 870 1203 commentariis
894 1123 1008 1183 critica
1029 1122 1147 1198 (ossae

236 1203 330 1281 1842)
348 1209 493 1281 simaipae
513 1222 591 1282 pnae
610 1207 668 1266 sibi
684 1208 886 1282 probarentur
902 1209 1087 1281 significauit.

215 1290 316 1352 Codex
339 1292 412 1352 diss.
440 1294 602 1367 inscriptas
628 1297 672 1351 est
693 1290 769 1353 hher
791 1291 981 1368 historiarum
1007 1290 1146 1373 philippi-

130 1393 232 1438 carum
252 1377 322 1436 item
337 1375 426 1436 totius
447 1376 549 1437 mundi
565 1375 693 1452 origines
706 1372 782 1437 item‘
798 1384 896 1460 terrae
911 1378 992 1456 situs.
1029 1378 1146 1441 Eadem

125 1463 196 1536 fere
209 1462 298 1522 neria
312 1459 428 1540 explicit
440 1460 582 1540 praelatio
599 1461 719 1541 pompei
736 1461 851 1540 primus
868 1462 950 1526 liher,
960 1462 1062 1542 incipit
1076 1463 1146 1545 hys-

128 1548 273 1608 toriarum
289 1545 521 1627 philippicarumv
534 1552 563 1606 ot
579 1546 669 1605 totius
687 1546 791 1607 mundi
806 1548 953 1625 originum
974 1553 1054 1609 terre
1071 1550 1148 1610 situs

129 1631 287 1710 ephIstoria
306 1632 384 1707 trogi
405 1631 524 1709 pompei
544 1634 576 1690 in
599 1630 701 1703 GneIf.
725 1633 740 1689 1
760 1638 830 1708 post
849 1633 1076 1709 praefationem
1097 1638 1147 1695 ie·

42 1752 44 1758 ·
125 1722 247 1792 pnntnr.
299 1716 345 1774 In·
363 1718 423 1789 (ine
453 1718 636 1791 stnpatornm
668 1716 812 1778 tidroram
838 1719 912 1779 Giss
940 1723 971 1779 et
994 1717 1092 1790 dacis.
1127 1720 1142 1777 1

127 1801 246 1882 pompei
271 1799 348 1876 trogi
370 1800 497 1879 epitoma
520 1799 677 1880 (opithonia
697 1800 736 1882 B)
758 1802 948 1863 historiarum
974 1802 1050 1863 liber
1073 1824 1146 1866 *r*

129 1884 246 1962 explicit
265 1884 365 1962 incipit
387 1882 472 1964 (liher
488 1885 521 1965 G)
543 1905 625 1954 sss,
647 1894 676 1947 et
693 1890 726 1947 in
740 1891 802 1960 sinc
822 1892 908 1947 totins
928 1889 1027 1961 operis
1045 1888 1146 1958 Gaeif.

131 1972 145 2030 1
167 1977 196 2032 et
217 1969 236 2029 2
256 1970 374 2050 pompei
402 1971 480 2049 trogi
507 1969 655 2051 epithonia
684 1971 881 2050 hystoriarum
904 1969 980 2048 (hist.
1005 1969 1037 2047 C)
1069 1968 1145 2032 liber

127 2055 288 2117 XXXXllll
316 2054 434 2133 explicit
468 2056 656 2137 (lehciterd)
689 2056 815 2115 addant.
848 2054 905 2112 ·In
931 2053 1149 2129 Marhnraensi

126 2142 272 2203 eiusmodi
298 2142 533 2203 additamentam
559 2140 661 2217 incipit
688 2138 763 2201 hher
792 2137 895 2196 tertius
924 2139 1002 2214 trogi
1026 2143 1146 2220 pompei

1 2223 2 2226 ’
126 2225 251 2288 feliciter
277 2232 390 2286 tantam
412 2228 495 2286 initio
520 2226 601 2285 tertii
619 2225 690 2283 iibri
714 2227 806 2285 extat.
850 2222 961 2283 Nomen
979 2223 1089 2286 Instini
1113 2229 1147 2286 in

127 2313 173 2373 his
194 2311 346 2373 codicibus
366 2327 426 2370 non
445 2312 601 2380 invenitor,
623 2309 683 2366 nisi
700 2307 783 2381 qnod
804 2307 903 2380 dacis.
926 2309 1148 2392 ipraefationi

127 2398 230 2477 incipit
254 2395 402 2473 praelatio
429 2394 529 2455 iustini
555 2394 586 2453 in
610 2389 703 2450 hhros
730 2391 808 2469 trogi
838 2393 957 2472 pompei
976 2400 1144 2471 praemisit.

129 2482 239 2542 Contra
254 2481 416 2557 Lipsiensis
436 2476 535 2538 iustini
555 2474 689 2536 historici
707 2473 861 2542 clarissimi
880 2479 911 2538 in
930 2481 1007 2557 trogi
1026 2484 1146 2560 pompei

127 2567 265 2628 historias
286 2562 447 2625 exordium
474 2567 503 2623 et
521 2561 699 2622 dresdensis
722 2559 742 2619 2
764 2561 863 2623 iustini
888 2563 942 2624 riri
969 2565 1145 2646 eloquentis-

127 2651 193 2714 simi
221 2657 309 2730 atque
335 2645 561 2707 breviandarum
589 2643 787 2724 hystoriarum
815 2648 983 2727 peritissimi
1010 2658 1147 2731 epytoma

127 2740 158 2798 in
179 2743 298 2814 trogum
313 2747 493 2812 pompeyum
510 2731 586 2800 miro
599 2730 717 2808 ingenio
740 2734 936 2814 compositum
956 2732 1081 2797 feliciter
1099 2738 1143 2797 in·

128 2822 198 2902 cipit
211 2818 445 2897 praescriptam,
466 2823 496 2879 et
512 2817 674 2892 Lipsiensis
694 2827 723 2877 et
735 2818 835 2891 diets.
857 2817 877 2879 3
897 2819 1062 2900 compilatio
1083 2821 1144 2879 ius·

127 2907 181 2967 tini
198 2903 248 2983 qui
263 2901 318 2962 luit
338 2899 503 2967 ahreviator
527 2899 698 2983 (xxxxml
712 2901 859 2964 librorum
873 2904 910 2982 n)
933 2904 1011 2980 trogi
1025 2906 1145 2984 pompei

128 2986 334 3070 hystoriogroh
357 2984 440 3066 (hyst
462 3004 519 3050 om.
538 2985 576 3068 o)
598 2988 794 3064 subscriptam
812 2980 945 3049 iacent

211 3072 275 3133 Hos
294 3070 411 3135 codices
431 3089 472 3134 erc
485 3088 551 3134 *ano
571 3073 647 3134 libro
666 3089 757 3148 copae
779 3076 850 3135 iam·
862 3074 941 3133 mate
959 3072 1058 3133 haiim
1078 3072 1146 3134 ori-

126 3161 227 3237 ainem
249 3158 378 3231 ducisse·
393 3159 543 3232 paredam
561 3158 790 3236 depravationes
808 3158 978 3232 ostendant,
1003 3173 1082 3234 anae
1102 3163 1149 3219 oei

128 3248 161 3306 in
177 3243 360 3305 immutando
375 3247 423 3304 aet
432 3246 465 3305 in
482 3243 626 3304 addendo
639 3247 685 3305 aet
700 3247 733 3303 in
747 3242 903 3304 emicando
917 3244 1035 3319 positae
1050 3246 1149 3304 omni-

1 3396 3 3411 ,
129 3331 367 3395 inscommanes
390 3334 467 3390 sant.
498 3329 544 3391 De
559 3330 655 3389 aeriis
674 3329 833 3388 immeantis
853 3329 881 3387 si
899 3331 1089 3404 accenderis,
1111 3346 1149 3389 ea

1 3414 2 3490 3
128 3416 274 3489 respicias
294 3416 389 3489 aelim,
411 3430 491 3489 qaae
512 3413 556 3474 ad
582 3413 665 3475 VIII
680 3411 710 3488 3,
733 3411 752 3472 6
773 3411 1001 3491 Cappadociam,
1023 3414 1079 3476 XI
1098 3417 1148 3481 11,

1 3493 2 3511 ¹
131 3502 145 3559 1
169 3497 371 3579 cliniumque,
400 3499 456 3560 XI
472 3499 527 3568 14,
556 3498 577 3560 9
598 3497 689 3568 Susa,
715 3496 788 3557 XII
807 3497 862 3568 13,
891 3500 910 3560 7
931 3498 1059 3570 Medius,
1082 3498 1152 3559 XII

83 3628 87 3635 ι
132 3583 180 3658 16,
204 3584 218 3647 1
243 3592 345 3649 mense
365 3582 457 3654 lunio,
480 3580 568 3672 XIII
578 3583 608 3653 4,
634 3583 672 3644 13
693 3581 779 3643 Pitho
794 3581 920 3666 Illyrius,
944 3582 1031 3646 XXI
1034 3585 1063 3645 V
1073 3584 1102 3651 t,
1126 3584 1145 3643 2
