2442 3975
167 158 230 220 204
526 169 634 217 nnoou
649 168 780 217 ronrnr
794 140 810 155 ”
882 128 885 135 ’
937 157 1038 215 xnus.
1052 160 1170 215 xnmu

139 324 265 400 situque
288 339 388 382 meuse
404 321 542 382 liberatus
557 320 664 381 ludium
685 321 714 378 in
730 329 903 398 potestatem
923 319 1050 397 redegit.
1078 320 1171 382 Unde

169 424 232 465 cum
250 423 283 465 se
298 406 461 483 reciperet,
477 422 493 463 a
509 403 585 479 lilio,
603 421 689 481 quem
706 406 816 462 socium
833 405 914 480 regni
928 405 1057 476 fecerat,
1073 405 1102 461 in
1118 406 1169 464 iti-

131 514 134 520 ·
167 507 239 548 nere
263 488 446 546 interficitur:
477 487 594 563 quinon
610 485 789 544 dissimulato
808 488 975 563 parricidio,
990 485 1072 544 velut
1090 486 1166 547 hos·

76 643 79 649 Ι
168 581 241 645 tem,
265 587 323 629 non
337 579 447 648 patrem
462 568 677 642 interfecisset,
707 577 736 626 et
757 586 811 645 per
829 571 997 644 sanguinem
1013 569 1076 627 eins
1095 579 1164 628 cur-

138 664 227 718 6rnm
244 655 304 729 egit
319 661 348 711 et
364 669 470 729 corpus
488 651 563 709 abici
578 650 752 727 insepultum
773 652 864 710 iussit.
893 650 967 710 Dum
986 651 1061 709 haec
1081 652 1162 729 apud

166 737 287 796 Bactros
303 743 458 812 geruntur,
472 734 586 792 interim
602 734 677 791 inter
690 733 810 792 Parthos
826 742 856 792 et
864 732 969 809 dledos
983 733 1092 792 bellum
1104 735 1162 794 ori·
1198 749 1202 756 ·

167 829 221 879 tnr.
260 817 330 877 Cum
351 819 446 875 varius
461 818 610 893 utriusque
626 817 726 892 populi
742 833 826 874 casus
850 816 971 891 luisset,
992 815 1028 875 ad
1047 826 1162 893 postre-

48 950 52 958 .
135 910 239 967 imum
253 901 374 959 victoria
390 915 482 975 penes
497 898 619 959 Parthos
631 898 693 956 luit.
727 897 778 956 His
799 897 907 956 viribus
930 902 1030 958 huntus
1053 897 1162 957 Mithri·

165 983 247 1043 dates
264 981 377 1041 Mediae
393 981 514 1040 Bacasin
530 981 774 1058 praeponit,·ipse
790 983 818 1039 iu
834 980 1007 1055 Hyrcaniam
1027 982 1163 1059 proticis-

116 1076 118 1079 ’
137 1068 249 1130 Scitur.
278 1064 362 1124 Unde
376 1082 513 1123 reversus
530 1063 639 1122 bellum
655 1081 717 1121 curn
735 1061 939 1137 Elymaeorum
959 1082 1032 1139 rege
1056 1066 1163 1140 gessit,

166 1165 223 1226 quo
240 1150 317 1207 victo
346 1148 420 1206 hanc
443 1163 559 1223 quoque
580 1155 697 1221 gentem
712 1162 803 1221 regno
821 1145 927 1205 adiecit
948 1146 1163 1224 imperiumque

165 1230 333 1289 Parthorum
350 1237 476 1289 amonte
493 1226 624 1287 Caucaso
643 1224 738 1286 multis
763 1228 878 1305 populis
900 1229 928 1286 iu
948 1229 1090 1288 dicionem
1115 1248 1162 1287 re-

122 1312 257 1385 ,9ductis
272 1330 364 1390 usqne
379 1311 484 1370 llumen
499 1309 667 1387 Euphraten
682 1311 810 1388 protulit.
842 1311 885 1370 ltu
910 1311 1034 1370 adversa
1047 1312 1162 1371 valetu-

166 1395 232 1453 dine
250 1396 402 1472 adreptus,
420 1410 478 1452 non
492 1394 584 1456 minor
595 1393 708 1452 Arsace
724 1410 846 1471 proavo,
863 1394 993 1469 gloriosa
1006 1404 1162 1454 senectute

166 1476 292 1538 decedit.
583 1478 586 1483 '

407 1955 635 2030 LIBER
675 1939 924 2030 xxxxm
993 1900 998 1909 ’

134 2155 150 2206 1
227 2145 254 2202 1.
285 2110 364 2202 Post
387 2160 490 2202 necem
510 2143 680 2204 Mithridatis
707 2125 877 2203 Parthorum
897 2144 979 2220 regis
1000 2141 1163 2202 Phrahates

163 2225 238 2284 lilius
266 2227 328 2285 eius
350 2244 404 2284 rex
420 2227 567 2301 statuitur,
587 2228 634 2302 qui
652 2243 715 2284 cum
731 2225 839 2284 inferre
855 2226 962 2285 bellum
977 2227 1005 2283 in
1021 2225 1161 2284 ultionem

163 2309 294 2385 temptati
310 2308 345 2367 ab
358 2308 502 2367 Antiocho
518 2305 643 2368 Parthici
664 2311 748 2384 regni
768 2310 872 2382 Syriae
895 2307 1059 2382 statuisset,
1087 2308 1161 2381 Scy·

134 2390 273 2451 2tharum
288 2390 413 2449 motibus
431 2391 467 2449 ad
482 2408 533 2449 sua
547 2390 728 2450 defendenda
745 2399 908 2450 revocatur.
939 2389 1072 2468 Namque
1087 2391 1161 2463 Scy·

163 2474 274 2532 thuein
292 2474 428 2533 auxilium
443 2473 612 2532 Parthorum
630 2473 770 2532 adversus
793 2474 964 2548 Antiochum
985 2474 1090 2548 Syriae
1114 2490 1161 2530 re·

163 2574 230 2632 gem
244 2556 380 2615 mercede
397 2556 545 2615 sollicitati
569 2573 633 2614 cunr
655 2556 792 2615 coniecto
809 2556 956 2615 bellulam
972 2556 1160 2631 supervenis-

162 2647 227 2697 sent
246 2648 276 2698 et
296 2638 437 2699 calumnia
460 2639 569 2698 tardius
590 2638 640 2720 lati
663 2638 761 2697 auxilii
789 2639 927 2698 mercede
947 2638 1160 2710 inundarentur,

163 2720 299 2781 dolentes
322 2730 428 2781 tantum
452 2722 563 2780 itineris
586 2720 695 2780 frustra
719 2731 883 2797 emensum,
911 2720 1036 2780 cumrel
1051 2720 1161 2798 stipen-

162 2804 238 2864 dium
262 2820 316 2881 pro
337 2805 492 2863 vexatione
513 2803 661 2862 velalinm
681 2803 796 2863 hostem
819 2804 882 2862 dari
908 2804 963 2862 sibi
988 2810 1161 2880 poscerent,

162 2886 291 2963 superbo
306 2903 450 2964 responso
465 2886 569 2945 odensi
585 2886 659 2945 fines
673 2879 841 2945 Parthorum
852 2895 968 2945 vastare
987 2893 1162 2961 eoepemm.

134 2968 253 3045 algitur
267 2970 441 3044 Phrehates,
458 2987 521 3028 cum
536 2968 678 3028 adversus
694 2983 747 3027 eos
762 2968 1018 3046 proficisceretur,
1036 2967 1072 3025 ad
1086 2975 1161 3026 tute·

160 3053 218 3112 lam
233 3054 316 3129 regni
337 3053 474 3130 relinquit
493 3049 638 3110 llimerum
669 3052 809 3128 quendam
838 3052 980 3137 pueritiae
1007 3050 1062 3109 sibi
1085 3049 1162 3107 llore

161 3136 364 3212 conciliatum,
382 3138 430 3214 qui
445 3134 594 3209 tyrannica
611 3134 799 3209 crudelitate,
815 3132 922 3192 oblitus
940 3142 969 3192 et
983 3132 1061 3190 ritae
1074 3147 1162 3209 prae·

160 3220 266 3278 teritae
285 3219 425 3278 stricarii
440 3217 546 3290 oflicii,
563 3215 742 3291 Babylonios
759 3216 922 3292 multasque
937 3215 1009 3274 alias
1025 3215 1163 3273 civitates

129 3269 316 3377 Ainportune
332 3300 458 3364 vexarit.
485 3299 553 3375 lpse
569 3309 664 3358 eutem
677 3299 837 3359 Phrahates
854 3299 1013 3357 exercitum
1030 3294 1164 3356 Graeco·

162 3398 234 3456 rum,
251 3397 335 3459 quem
350 3382 430 3441 hello
439 3381 574 3440 Antiochi
591 3390 705 3460 captum
717 3381 844 3459 superbe
856 3379 1074 3456 crudeliterque
1084 3387 1165 3438 trec·
