2442 3975
86 121 93 138 .
131 168 172 233 88
516 173 769 224 recorrouunr
920 161 924 168 ·
976 156 1131 218 murato

105 345 119 396 1
195 334 244 392 14.
269 331 380 390 Auctor
398 328 563 389 insidiarum
582 328 737 405 Antipater
759 326 829 401 init,
854 326 904 402 qui
928 341 993 383 oum
1014 325 1129 382 carissi·

130 431 193 484 mos
210 415 319 475 amicos
335 413 398 472 eius
420 412 593 471 interiectos
606 410 736 489 rideret,
766 408 962 467 Alexandrum
982 405 1128 480 Lyncista·

98 507 209 571 urum,
224 513 364 572 generum
379 511 477 568 suun,
499 495 644 568 occisum,
660 511 694 552 se
715 493 826 568 maguis
848 489 936 549 rebus
957 492 986 547 iu
1007 488 1130 548 Graecia

103 581 221 655 egestis
236 596 292 638 uon
307 589 362 638 tam
377 587 488 653 gratum
505 577 580 653 apud
595 592 697 651 regem
712 591 796 653 quam
811 573 982 632 invidiosum
998 589 1084 646 esse,
1112 587 1129 629 a

130 672 221 722 matre
236 678 353 740 quoque
369 662 431 719 eius
446 657 618 737 Olympiade
633 659 721 717 variis
733 675 766 716 se
785 655 1029 715 criminationibus
1041 670 1128 711 vexa·
1162 651 1167 662 ’

103 753 198 807 otum.
233 743 297 803 lluc
319 739 587 821 accedebaut'ante
611 757 723 818 paucos
748 740 812 799 dies
833 738 977 816 supplicia
998 738 1025 796 iu
1045 753 1128 814 prae·

71 828 229 889 -tieotos
249 827 426 886 devictarum
450 825 595 883 nationum
624 823 781 882 crudeliter
806 821 914 881 babitu.
949 819 996 879 Ex
1025 818 1130 896 quibus

42 959 47 967 .
131 908 220 969 rebus
232 926 265 967 so
276 924 395 986 quoque
407 925 423 967 a
437 905 609 965 lllacedouia
624 922 682 963 nou
693 905 729 965 ad
747 905 918 964 societatem
932 902 1061 975 militiae,
1077 901 1130 961 scd

104 991 168 1055 fiad
195 1007 318 1068 poenam
347 998 482 1049 vocatum
515 988 717 1048 arbitrabatur.
752 985 842 1063 lgitur
867 987 903 1046 ad
930 984 1130 1063 occupandum

131 1090 232 1148 regem
246 1072 438 1134 Cassandrum
453 1071 539 1130 lilium
550 1071 618 1130 dato
630 1086 747 1129 veneno
761 1069 911 1143 subornat,
929 1069 977 1145 qui
992 1085 1056 1125 cum
1072 1067 1130 1125 ira·

102 1155 223 1236 ttribus
238 1155 372 1231 Philippo
388 1162 417 1212 et
434 1152 507 1213 lolla
519 1154 680 1212 ministrare
694 1153 758 1228 regi
773 1151 904 1211 solebat:
921 1151 1002 1209 cuius
1025 1150 1131 1208 veneni

130 1246 210 1297 tanta
230 1238 275 1295 vis
294 1236 365 1309 init,
390 1243 491 1294 utnon
507 1252 593 1307 aere,
609 1250 667 1292 uon
683 1235 781 1307 ierro,
800 1250 858 1291 uon
873 1240 948 1290 testa
966 1233 1131 1290 continere·

130 1329 193 1392 tur,
206 1335 263 1375 uec
278 1318 363 1375 aliter
378 1316 449 1375 ferri
464 1317 519 1374 uisi
536 1316 565 1373 in
580 1315 689 1390 ungula
704 1316 773 1392 equi
798 1321 928 1392 poterat:
949 1315 1132 1391 praemonito

102 1399 211 1473 stilio,
233 1417 270 1457 ue
295 1397 343 1456 alii
358 1415 444 1475 quam
465 1397 608 1464 Thessalo
624 1406 654 1456 et
669 1396 806 1457 iratribus
824 1397 969 1457 crederet.
1000 1394 1062 1455 llac
1078 1398 1132 1472 igi·

130 1490 177 1540 tur
193 1498 286 1541 causa·
296 1481 372 1559 apud
387 1478 558 1539 Thessalum
580 1489 710 1557 paratum
732 1482 946 1558 repetitumque
969 1481 1131 1538 convivium

105 1571 190 1629 9est.
231 1564 380 1640 Philippus
402 1571 431 1621 et
453 1561 542 1621 lollas
567 1571 758 1640 praegustare
782 1580 818 1622 ac
843 1571 1009 1639 temperare
1032 1571 1131 1639 potum

124 1647 212 1722 ‚regis
227 1645 305 1704 soliti
323 1647 351 1702 iu
366 1662 439 1721 aqua
460 1645 565 1720 frigida
580 1663 722 1704 venenum
741 1644 918 1718 babuerunt,
942 1663 1025 1723 quam
1047 1661 1131 1722 prae·

131 1736 265 1805 gustatae
280 1727 336 1786 iam
351 1729 463 1804 potioni
478 1728 717 1804 supermiserunt.

105 1823 119 1873 1
180 1811 246 1890 lb.
270 1808 380 1881 Quarto
397 1808 635 1874 dicdlexauder
649 1809 834 1869 indubitatam
857 1819 980 1869 mortem
1001 1810 1132 1868 sentiens

132 1909 297 1970 agnoscere
317 1910 351 1951 se
372 1889 460 1952 iatum
480 1891 582 1951 domus
603 1893 740 1952 maiorum
761 1910 877 1952 suorum
895 1894 949 1952 ait:
980 1909 1044 1950 uam
1067 1891 1131 1968 ple·

104 1986 240 2054 trosque
265 1974 459 2036 Aeacidarum
486 1976 559 2036 iutra
582 1973 667 2035 XXX
688 1993 791 2036 anuum
811 1975 975 2035 defunctos.
1015 1972 1132 2033 Tumul-

132 2068 245 2119 tuautes
268 2058 373 2119 deiude
393 2059 498 2118 milites
521 2057 690 2136 insidiisque
711 2060 809 2136 perire
831 2076 929 2134 regem
947 2058 1133 2134 suspicantes

132 2144 198 2219 ipse
212 2142 326 2202 sedauit
341 2157 454 2220 eosque
470 2159 587 2216 omnes,
611 2158 675 2199 com
690 2142 821 2218 prolatus
839 2143 867 2199 iu
883 2141 1070 2201 editissimum
1084 2158 1131 2199 ur·

133 2224 179 2284 bis
193 2224 290 2285 locum
302 2233 397 2299 esset,
414 2225 450 2284 ad
463 2232 653 2300 conspectum
667 2242 748 2283 suum
759 2225 872 2284 admisit
884 2223 1132 2300 osculandamque

104 2307 263 2371 adextram
283 2323 363 2366 suam
384 2306 520 2366 dentibus
538 2307 681 2385 porrexit.
721 2304 793 2366 Cum
814 2307 998 2366 lacrimareut
1018 2323 1131 2381 omues,

132 2390 197 2465 ipse
212 2403 271 2447 uon
286 2389 348 2447 siue
361 2388 488 2450 lacrimis
503 2398 627 2462 tantum,
643 2406 744 2448 verum
756 2391 819 2449 sine
833 2387 892 2448 ullo
905 2391 1131 2449 tristiorismeu·

131 2471 169 2529 tis
186 2480 354 2545 argumento
369 2471 438 2547 luit,
454 2480 485 2530 ut
500 2471 641 2549 quosdam
662 2472 846 2549 inpatientius
870 2472 1004 2533 dolentes
1025 2490 1131 2533 conso·

103 2552 207 2614 status
220 2553 267 2627 sit,
279 2552 450 2629 quibusdam
464 2554 638 2613 mandatuad
649 2563 787 2632 parentes
799 2571 899 2614 eorum
909 2556 1037 2616 dederit:
1055 2556 1131 2616 adeo

107 2634 211 2697 triout
228 2635 256 2692 iu
272 2634 403 2711 bostem,
424 2638 508 2697 itaet
530 2637 558 2695 in
572 2645 695 2696 mortem
715 2637 838 2697 invictus
860 2641 969 2699 animus
988 2639 1050 2699 init.
1080 2638 1145 2716 Di·-

130 2717 227 2777 missis
248 2716 387 2777 militibus
406 2720 626 2779 circumstantes
649 2720 758 2779 etnicos
781 2731 985 2797 percontatur,
1013 2722 1130 2781 ridear·

103 2808 214 2862 titurue
232 2799 354 2859 similem
373 2801 429 2860 sibi
442 2803 588 2879 reperturi
602 2799 724 2878 regem?
754 2802 930 2864 Tacentibus
947 2806 1058 2865 cunctis
1072 2814 1132 2862 tum

131 2883 213 2961 ipse,
228 2891 258 2941 ut
273 2882 332 2941 boc
342 2885 470 2960 nesciat,
488 2885 528 2944 ita
541 2884 612 2944 illud
623 2886 701 2944 scire
716 2887 925 2966 vaticinarique
939 2906 972 2947 se
984 2905 1019 2946 ac
1035 2904 1130 2964 paene

132 2964 225 3025 oculis
239 2964 340 3025 videre
356 2967 444 3042 dixit,
468 2975 602 3045 quautam
620 2968 657 3026 sit
678 2969 706 3026 iu
728 2969 786 3028 lroc
802 2972 960 3030 certamine
982 2969 1131 3044 sauguinis

130 3047 229 3106 fusura
253 3042 455 3125 Macedonia,
473 3051 589 3128 quantis
625 3048 779 3128 caedibus,
805 3069 864 3130 quo
886 3069 992 3112 cruore
1014 3059 1130 3110 mortuo

101 3127 186 3202 'isibi
207 3139 401 3207 parentatum.
438 3132 484 3193 Ad
506 3136 685 3210 postremum
707 3152 814 3213 corpus
835 3154 916 3195 suum
936 3136 965 3196 iu
982 3134 1130 3195 Ammonis

101 3210 363 3288 eremplmocsut
375 3215 463 3276 iubet.
481 3213 552 3275 (lum
564 3214 693 3275 delicere
708 3235 773 3277 eum
784 3219 868 3278 amici
879 3219 1021 3293 viderent,
1037 3235 1125 3296 quae·

130 3301 210 3367 runt,
227 3310 312 3370 quem
327 3298 438 3375 imperii
455 3297 542 3357 iaciat
559 3296 709 3358 heredem.
727 3299 906 3380 ‘Respondit
923 3303 1129 3379 dignissimum.

100 3370 222 3445 iTanta
241 3373 285 3432 illi
306 3379 471 3453 magnitudo
496 3380 580 3440 animi
600 3379 670 3457 iuit,
694 3391 740 3457 ut,
770 3401 834 3443 curu
853 3384 1009 3446 lleroulem
1031 3384 1130 3459 illium,
