2442 3975
70 197 215 251 nilne
422 202 723 253 HIST.PH1L.EP1T.
951 248 953 251 ,
1004 191 1065 252 205

71 368 198 434 taterat,
218 360 246 417 in
262 358 371 417 bellum
389 356 487 417 secum
502 357 595 431 ducit,
616 358 756 417 inmemor
770 375 890 437 prorsus
906 358 983 436 quod
997 358 1065 417 bos·
1135 406 1152 433 ,-

71 441 138 500 tiles
163 460 262 501 eorum
285 443 395 500 animos
416 458 470 499 uec
493 442 646 518 captivitas
660 443 801 500 minuerat
820 449 849 500 et
863 443 980 519 insuper
995 443 1063 499 iniu-

71 526 177 583 riarum
191 525 346 600 indignitas
362 522 599 601 exacerbaverut.
623 524 723 602 ltaque
738 542 801 583 cum
817 524 979 583 inclinatam
995 523 1093 587 Par-5

70 607 186 668 thorum
206 609 298 666 aciem
317 606 471 680 vidissent,
493 623 571 664 arma
591 606 627 664 ad
649 607 749 666 hostes
771 607 944 665 transtulere
970 615 999 664 et
1017 607 1066 666 diu

72 691 198 767 cupitam
215 690 388 768 captivitatis
401 688 538 748 ultionem
554 688 1066 781 exercitusPartbicigtipsiustra·

71 773 147 833 hatis
163 774 241 849 regis
252 782 370 831 cruenta
385 772 477 831 caede
499 772 630 830 exsecuti
647 782 720 831 sunt.

138 856 168 915 2.
197 855 229 915 ln
245 856 327 915 buius
343 855 439 913 locum
452 854 633 931 Artabanus,
653 864 770 932 patruus
787 855 867 926 eius,
892 856 946 912 rex'
964 852 1094 918 submi-1

72 942 171 999 tuitur.
205 939 331 1013 Scythae
354 947 449 996 autern
467 938 595 1002 contenti
617 939 738 998 victoria
754 936 930 1015 depopulata
949 925 1066 995 Parthia

70 1025 102 1082 in
120 1023 238 1099 patriam
255 1030 445 1080 revertuntur.
475 1021 535 1078 Sed
549 1028 579 1077 et
592 1018 756 1079 Artabanus
768 1019 851 1078 bello
860 1018 1011 1095 Thogariis
1025 1020 1095 1081 inb

69 1105 134 1164 lato
150 1107 179 1163 in
189 1103 326 1163 bracchio
341 1104 506 1161 vulneratus
522 1102 616 1161 statim
633 1104 759 1163 decedit.
797 1102 871 1161 Huic
887 1101 1097 1165 Mithridatem

71 1187 149 1246 lilius
176 1186 322 1260 succedit,
347 1187 392 1245 cui
419 1202 468 1244 res
493 1194 595 1261 gestae
623 1187 718 1262 magni
750 1202 913 1262 cognomen
941 1185 1065 1244 dedere:

71 1272 185 1349 quippe
210 1271 369 1329 claritatem
391 1278 540 1346 parentum
566 1270 758 1331 aemulatione
784 1270 896 1327 virtutis
922 1286 1067 1327 accensus
1107 1292 1111 1299 ·

71 1354 159 1412 animi
174 1352 366 1429 magnitudine
384 1351 612 1427 supergreditur.
633 1351 722 1411 Multa
734 1352 821 1427 igitur
836 1346 994 1431 bella-cuin
1011 1351 1097 1412 lini-4

71 1437 148 1504 timis
165 1453 267 1512 magna
280 1437 385 1494 virtute
397 1435 491 1510 gessit
505 1435 670 1513 multosque
684 1434 811 1513 populos
824 1434 957 1493 Parthico
973 1449 1065 1509 regno

71 1518 189 1578 addidit.
226 1519 285 1576 Sed
307 1526 420 1575 etcum
442 1517 564 1591 Scythis
580 1535 725 1596 prospere
747 1517 901 1595 aliquoties
923 1516 1095 1578 dimicavit5

71 1601 208 1676 ultorque
223 1600 342 1658 iniuriae
358 1608 507 1676 parentum
523 1600 583 1658 luit.
609 1600 655 1660 Ad
665 1609 840 1679 postremum
847 1598 1001 1658 Artauasdi
1012 1598 1097 1662 Ar=6

72 1683 231 1741 mediorum
247 1684 310 1757 regi
325 1680 432 1741 bellum
444 1682 545 1742 intulit.

138 1766 197 1824 Sed
212 1766 346 1842 quoniam
363 1765 391 1821 in
406 1765 569 1824 Armeniam
584 1766 733 1824 transitum
749 1765 885 1840 iacimus,
905 1766 988 1841 origo
1005 1765 1095 1827 elusi

72 1848 162 1925 paulo
184 1848 267 1907 altius
293 1847 452 1922 repetenda
475 1856 529 1906 est.
568 1847 672 1924 Neque
702 1850 776 1906 enim
800 1848 915 1907 silentio
943 1858 1096 1922 regnum8

72 1940 183 1993 tantum
199 1931 351 2009 praeteriri
366 1929 410 1987 las
428 1938 490 2005 est,
514 1948 576 1989 cum
592 1931 664 1989 lines
686 1939 754 2008 post
777 1930 919 1990 Parthiam
944 1931 1066 1990 omnium

71 2031 229 2091 regnorum
245 2013 467 2089 magnitudinem
479 2022 628 2089 superent,
645 2013 786 2090 siquidem
809 2014 945 2073 Armenia
961 2032 976 2072 a
992 2011 1097 2090 Cap-9

73 2097 198 2175 padocia
218 2114 308 2175 usque
323 2114 403 2154 mare
422 2093 557 2172 Caspium
578 2096 716 2156 undecies
742 2105 853 2156 centurn
876 2097 952 2155 milia
976 2105 1066 2173 patet,

74 2180 169 2238 sedin
184 2179 360 2239 latitudinem
373 2179 450 2237 milia
465 2196 598 2255 passuum
611 2181 793 2256 septingenta
806 2182 972 2257 porrigitur.
990 2178 1064 2238 Con·
1077 2192 1111 2242 10

71 2264 131 2322 dita
151 2271 196 2321 est
215 2272 309 2321 autern
332 2261 368 2320 ab
386 2261 540 2337 Armenio,
567 2261 680 2320 lasouis
695 2262 828 2322 'lbessali
839 2264 965 2337 comite,
982 2279 1066 2339 quern

74 2361 138 2404 cum
156 2346 298 2422 perditum
315 2354 439 2422 propter
455 2345 597 2419 insignem
620 2346 875 2422 periculosamque
898 2362 991 2420 regno
1015 2361 1067 2403 suo

71 2430 207 2487 virtutem
236 2428 333 2487 Pelias
359 2446 413 2486 rex
436 2436 575 2504 cuperet,
599 2428 761 2487 denuntiata
776 2428 874 2487 militia
893 2430 921 2486 in
938 2427 1068 2488 Colchos

72 2512 155 2570 abire
175 2511 440 2589 iubet-pellemque.
455 2511 554 2569 arietis
580 2510 797 2569 memorabilem
813 2511 948 2587 gentibus
964 2528 1067 2590 repor-

72 2603 154 2669 tare,
169 2612 291 2672 sperans
306 2595 449 2653 interitum
463 2595 517 2652 viri
534 2603 582 2651 aut
598 2611 635 2651 ex
652 2594 791 2671 periculis
813 2604 870 2653 tam
893 2596 999 2670 longae
1010 2611 1067 2652 'na-

71 2678 228 2752 vigationis
250 2686 297 2735 aut
318 2695 355 2734 ex
376 2676 456 2735 bello
473 2685 530 2755 tarn
545 2676 706 2753 profundae
721 2675 883 2736 barbariae.
918 2678 1009 2752 Igitur
1020 2676 1064 2736 la·
1078 2688 1110 2739 11

72 2776 129 2817 son
146 2758 291 2833 divulgata
313 2760 448 2837 opinione
471 2767 528 2817 tam
544 2760 693 2834 gloriosae
715 2759 927 2837 expeditionis,
954 2777 1017 2817 curn
1032 2760 1069 2818 ad

74 2860 140 2900 eum
156 2842 286 2899 certatim
304 2842 451 2919 principes
467 2843 622 2901 iuventutis
637 2845 724 2901 totius
739 2842 830 2900 ferme
846 2841 925 2900 orbis
946 2859 1067 2900 concur·

71 2934 189 2999 nerent,
222 2926 381 2983 exercitum
396 2923 618 2984 fortissimorum
635 2927 776 2999 virorum,
808 2925 855 3000 qui
880 2923 1067 2999 Argonautae

74 3009 269 3083 cognominati
284 3016 364 3082 sunt,
378 3009 561 3083 conparavit:
584 3026 668 3090 quern
687 3026 748 3068 cum
764 3007 875 3083 magnis
890 3005 979 3065 rebus
996 3020 1111 3083 ges-12

72 3092 110 3148 tis
134 3092 307 3166 incolumem
329 3091 512 3165 reduxisset,
544 3110 654 3150 rursum
679 3090 810 3150 aPeli'ae
833 3090 899 3148 liliis
916 3088 1067 3150 l'bessalia

72 3187 176 3249 magna
202 3176 230 3231 vi
251 3175 351 3252 pulsus
373 3192 435 3232 cum
462 3176 570 3250 ingenti
596 3174 791 3247 multitudine,
824 3191 899 3250 quac
919 3173 954 3232 ad
966 3174 1068 3232 lamam

72 3257 186 3314 virtutis
208 3258 269 3314 eius
284 3275 325 3315 ren
342 3257 473 3315 omnibus
487 3257 622 3333 gentibus
638 3258 745 3316 cotidie
763 3255 941 3331 confluebat,
962 3258 1069 3317 comite

71 3336 177 3398 Medea
194 3356 296 3415 uxore,
315 3357 399 3417 quarn
412 3340 591 3416 repudiatam
603 3341 791 3399 miseratione·
803 3340 881 3400 exilii
896 3358 1008 3398 rursum
1020 3357 1066 3397 re-

74 3431 212 3497 ceperat,
234 3431 263 3480 et
278 3421 391 3496 Medio,
416 3425 549 3500 privigno
565 3425 600 3482 ab
617 3424 721 3499 Aegeo
750 3441 822 3499 rege
852 3422 1068 3483 Atheniensium
