2442 3975
82 163 185 216 xxxu
202 168 227 217 a.
244 166 261 218 a
428 172 519 219 mss.
532 173 626 220 euru.
640 173 730 220 scra.
1014 161 1068 220 171
1087 192 1091 195 >

84 343 196 401 surum,
213 325 340 386 adhibito
362 326 493 383 exercitu
515 334 602 383 nocte
625 323 761 400 templum
783 322 914 397 Elymaei
932 324 1008 384 lovis
1024 326 1072 385 ad·

85 408 225 484 greditur.
256 407 362 481 Quare
375 406 488 485 prodita
505 425 649 466 concursu
664 407 829 466 insularium
846 426 909 466 curn
929 409 1006 466 omni
1021 410 1101 469 mia

84 492 143 551 litia
159 492 339 552 interficitur.

148 574 276 651 Romae,
299 592 363 633 cum
380 573 487 632 multae
509 571 649 633 Graeciae
672 569 804 632 civitates
826 582 957 650 questum
979 573 1014 631 de
1032 575 1100 631 in·3

84 659 165 717 iuriis
181 657 306 734 Philippi
326 659 406 733 regis
428 655 617 716 Macedonum
637 658 786 714 venissent
806 666 835 714 et
854 657 1028 733 disceptatio
1044 658 1073 714 in

86 750 187 802 senatu
200 741 274 798 inter
287 739 480 815 Demetrium,
493 738 618 817 Philippi
632 739 735 814 filium,
751 756 835 815 quem
853 748 935 816 pater
949 739 985 798 ad
1002 739 1072 797 satis

85 823 249 883 iaciendum
265 825 377 882 senatui
388 825 521 896 miserat,
538 832 567 881 et
582 823 696 898 legatos
713 823 865 882 civitatium
877 831 973 896 esset,
990 822 1073 880 turba

86 906 280 984 querellarum
293 906 430 965 conlusus
446 905 619 965 adulescens
632 914 754 982 repente
771 904 898 964 obticuit.
930 905 1010 965 Tunc
1026 915 1103 967 εει-4

85 998 168 1048 natus
179 989 357 1048 verecundia
372 990 433 1048 eius
448 998 558 1064 motus,
576 1006 650 1065 quae
663 988 784 1066 probata
797 990 882 1047 etiam
896 998 995 1063 antea,
1009 1006 1072 1047 cum

87 1072 175 1133 obses
189 1070 300 1131 Romae
316 1081 412 1146 esset,
429 1070 559 1130 omnibus
574 1072 684 1146 iuerat,
698 1089 813 1130 causam
825 1071 866 1129 illi
883 1072 1014 1131 donavit:
1031 1080 1072 1129 at·

86 1173 144 1233 que
160 1156 197 1213 ita
214 1156 357 1214 modestia
372 1174 423 1214 sua
444 1155 609 1214 Demetrius
626 1157 736 1213 veniam
752 1156 842 1231 patri,
865 1172 922 1213 non
944 1158 1006 1213 iure
1023 1155 1073 1213 de-

86 1240 241 1313 fensionis,
263 1238 316 1297 sed
338 1237 640 1315 pagocinio'pudoris
660 1237 796 1314 obtinuit,
819 1240 896 1313 quod
912 1241 1005 1315 ipsum
1023 1238 1101 1300 ‹le-5

87 1330 169 1382 creto
189 1330 306 1381 senatus
322 1321 513 1400 significatum
531 1330 591 1394 est,
610 1331 640 1379 ut
655 1330 812 1398 appareret
833 1339 890 1379 non
913 1331 969 1380 tam
986 1321 1072 1380 abso·

86 1406 175 1465 lutum
195 1423 296 1480 regem
317 1423 401 1481 quam
422 1405 556 1463 donatum
571 1404 631 1463 lilio
647 1414 768 1481 patrem.
801 1403 882 1476 Quae
901 1424 948 1464 res
967 1404 1102 1466 Deme-6

86 1489 141 1547 trio
157 1506 213 1546 non
227 1488 348 1563 gratiam
363 1488 535 1563 legationis,
552 1487 604 1546 sed
617 1488 711 1546 odium
724 1488 943 1547 obtrectationis
957 1504 1073 1563 compa·

86 1572 170 1630 ravit.
200 1569 272 1640 Nam
288 1579 317 1627 et
333 1571 408 1646 apud
423 1570 541 1629 tratrem
555 1570 694 1628 Perseum
709 1570 862 1629 aemulatio
880 1570 922 1629 illi
938 1570 1099 1631 invidiaml

88 1653 247 1727 contraxit,
271 1660 300 1709 et
313 1652 389 1728 apud
411 1662 521 1728 patrem
542 1662 609 1711 nota
631 1652 820 1719 absolutionis
839 1671 926 1712 causa
943 1653 1074 1724 offensae.

86 1737 155 1809 luit,
173 1734 338 1811 indignante
355 1734 487 1812 Philippo
505 1735 568 1812 plus
583 1738 718 1794 momenti
734 1734 809 1813 apud
827 1745 954 1794 senatum
971 1752 1073 1813 perso-

86 1836 150 1877 nam
168 1818 217 1876 lilii
234 1836 318 1895 quarn
334 1820 534 1877 auctoritatem
551 1820 642 1895 patris
659 1836 694 1877 ac
714 1819 881 1894 dignitatem
897 1822 997 1895 regiae
1016 1836 1074 1876 ma·

86 1902 198 1961 iestatis
211 1900 356 1960 habuisse.
374 1900 464 1976 Igitur
478 1902 602 1960 Perseus
619 1911 775 1979 perspecta
791 1904 879 1979 patris
896 1901 1104 1978 aegritudine8

5 1979 13 2043 Ϊ
88 1984 195 2044 cotidie
214 1984 363 2044 absentem
383 1984 561 2044 Demetrium
584 1986 660 2063 apud
684 1987 910 2046 camarinnani
931 1996 960 2046 et
982 1989 1072 2062 primo

86 2068 225 2143 invisum,
242 2077 309 2146 post
325 2070 410 2127 etiarn
425 2079 591 2147 suspectum
606 2069 746 2130 reddere:
766 2087 840 2127 nunc
852 2072 1003 2129 amicitiam
1015 2068 1074 2126 Ro-

86 2167 250 2225 manorum,
266 2170 342 2210 nunc
355 2153 547 2229 proditionem
563 2153 653 2230 patris
668 2155 694 2212 ei
711 2152 871 2212 obiectare.
901 2152 946 2211 Ad
961 2161 1104 2229 posue-9
1195 2191 1203 2209 .

85 2253 161 2294 mum
176 2234 294 2297 iusidias
313 2234 368 2293 sibi
382 2236 418 2294 ab
436 2252 471 2295 eo
486 2245 601 2313 paratas
616 2237 770 2312 confingit,
792 2236 828 2295 ad
844 2238 924 2295 cuius
945 2228 987 2294 r'ei
1008 2252 1074 2312 prc-

87 2319 234 2378 bationem
256 2319 368 2376 inmittit
383 2320 509 2395 indices,
531 2327 623 2377 testes
646 2319 784 2378 subornat
806 2328 835 2377 et
852 2319 979 2393 lacinus,
998 2318 1075 2395 quod

79 2395 193 2475 obicit,
211 2400 340 2461 admittit.
365 2402 474 2476 Quibus
486 2402 573 2460 rebus
586 2402 727 2480 conpulso
743 2403 778 2462 ad
794 2403 976 2479 parricidium
990 2412 1119 2480 petreio

87 2484 228 2543 funestam
244 2504 357 2544 omnem
373 2487 483 2561 regiam
499 2486 577 2544 lacit.
1049 2560 1053 2565 ἢ

152 2567 181 2626 3.
205 2567 311 2627 Occiso
321 2568 471 2628 Demetrio
484 2569 658 2646 sublatoque
671 2570 783 2628 aemulo
800 2587 856 2628 non
872 2570 1076 2646 neglegentior
1088 2581 1103 2629 1

88 2658 195 2710 tantum
218 2650 341 2709 Perseus
363 2654 390 2710 in
409 2662 536 2730 patrem,
561 2670 659 2720 ¹verum
680 2655 765 2729 ctiam
783 2655 981 2713 contumacior
1002 2660 1074 2724 erat,

87 2750 144 2792 nec
158 2731 297 2791 heredem
313 2736 412 2810 regni,
430 2736 482 2794 sed
499 2754 600 2810 regem
620 2734 756 2812 gerebat.
778 2735 829 2795 llis
844 2737 932 2795 rebus
948 2735 1105 2792 offensusa

88 2815 239 2892 Philippus
257 2816 441 2892 inpatientius
455 2819 482 2875 in
495 2819 557 2876 dies
569 2829 690 2884 mortem
704 2818 845 2878 Demetrii
861 2818 993 2877 dolebat:
1009 2826 1076 2873 tuuc

88 2906 119 2959 et
139 2897 249 2957 insidiis
271 2900 495 2959 circumventum
517 2903 677 2977 suspicari,
697 2904 798 2960 ’testes
820 2902 990 2974 indiccsqce
1016 2907 1074 2957 tor·

87 3000 189 3061 quere.
224 2980 321 3060 Atque
342 2984 381 3042 ita
405 2984 519 3059 cognita
538 2983 638 3043 iraude
655 3002 712 3042 non
731 2986 821 3042 minus
843 2983 957 3042 scelere
974 2981 1104 3042 Persei3

88 3083 173 3143 quam
196 3068 311 3124 innoxia
339 3066 480 3126 Demetrii
505 3077 598 3126 morte
627 3067 823 3139 cruciabatur,
851 3066 1075 3144 peregissetque

88 3146 242 3223 ultionem,
265 3151 320 3207 nisi
342 3160 434 3209 morte
455 3159 631 3228 praeventus
659 3151 771 3209 luisset.
810 3149 881 3208 Nam
903 3148 985 3206 brevi
1010 3155 1104 3224 postl

87 3239 221 3308 tempore
242 3232 343 3292 morbo
365 3252 403 3293 ex
423 3234 603 3309 aegritudine
627 3242 777 3293 contracto
799 3233 944 3306 decessit,
970 3230 1075 3289 relicto

88 3330 194 3389 magno
210 3313 281 3374 belli
298 3316 437 3392 adparatu
460 3317 601 3375 adversus
617 3315 779 3392 Romanos,
801 3333 858 3394 quc
881 3323 985 3392 postea
1007 3313 1075 3372 Per·

88 3414 157 3480 sens
169 3415 237 3456 usus
254 3407 308 3456 est.
332 3397 404 3457 Nam
420 3408 450 3458 et
464 3397 563 3458 Gallos
579 3399 754 3479 Scordiscos
770 3400 806 3459 ad
818 3399 889 3459 belli
904 3399 1104 3460 societatemn
