2442 3975
151 195 195 258 64
530 192 786 259 usoaueourur
1030 192 1089 244 .1x
1100 182 1155 249 uls

151 377 242 420 veroa
270 358 438 436 susceptum
461 358 606 424 timuisse;
639 372 735 432 eoque
763 357 887 430 iactum,
915 363 948 413 ut
969 353 997 411 iu
1014 355 1155 413 convivio

155 454 239 504 antea
265 442 476 519 primumcum
501 439 621 511 Attalo,
644 455 712 498 mox
737 457 801 499 cum
826 441 891 518 ipso
912 445 994 516 patre
1015 439 1155 512 iurgaret,

128 529 231 603 tadeo
255 534 285 584 ut
309 529 393 585 etiam
410 525 510 604 stricto
532 522 631 599 gladiu
656 539 720 580 eum
739 521 887 600 Philippus
911 528 1097 595 cousectatus
1120 519 1157 577 sit

126 610 306 687 uacgre'que
323 627 339 667 a
358 608 408 666 lilii
429 607 520 666 caede
536 606 692 664 amicorum
714 605 852 683 precibus
870 612 1017 664 exoratus.
1051 602 1156 675 Quam·

154 694 255 752 obrem
281 690 450 751 Alexander
465 689 502 748 ad
526 687 696 757 avunculum
719 706 751 746 se
778 691 807 747 in
830 687 949 765 Epirum
973 703 1037 746 cum
1052 694 1155 758 matre,

129 777 224 840 atinde
239 776 275 834 ad
287 792 388 851 regem
402 773 566 848 lllyriorum
584 771 758 838 contuleram
789 772 897 849 vixque
919 770 1069 830 revocanti
1083 769 1155 828 miti·

154 868 239 936 gatus
256 867 301 916 est
325 857 399 935 patri
425 855 622 934 precibusque
649 863 838 930 cognatorum
860 872 951 930 aegre
966 853 1063 912 redire
1079 869 1156 911 com·

129 941 269 1020 tpulsus.
296 939 444 1017 Olympias
461 957 577 1017 quoque
598 938 717 996 fratrem
738 956 819 997 suum
841 936 1055 1010 Alexandrum,
1075 933 1158 1010 Epiri

154 1042 273 1100 regem,
304 1026 333 1082 iu
362 1023 471 1083 bellum
501 1020 695 1081 subornabat:
736 1022 988 1098 perniciemque,
1020 1020 1049 1077 ni
1080 1016 1158 1076 tiliae

127 1107 260 1185 8nuptiis
279 1115 362 1185 pater
377 1123 517 1182 generum
538 1113 725 1180 occupasset.
761 1103 811 1164 llis
828 1103 950 1164 stimulis
967 1104 1072 1162 irarum
1089 1099 1157 1163 utri·

156 1208 212 1267 que
237 1190 407 1249 Pausaniam
428 1189 464 1247 de
490 1189 658 1265 impunitate
677 1189 767 1264 stupri
789 1188 833 1245 sui
856 1193 1025 1264 querentem
1040 1183 1076 1243 ad
1097 1192 1158 1242 tau·

130 1283 214 1336 atum
241 1272 353 1330 lacinus
377 1270 528 1348 impulisse
554 1269 718 1328 creduntur.
759 1267 909 1345 Olympias
932 1275 1018 1341 certe,
1036 1266 1159 1341 fugienti

56 1405 75 1421 „
114 1355 326 1432 lupercussori
343 1354 428 1411 etiam
447 1369 540 1428 equos
557 1349 656 1409 babuit
672 1340 873 1428 praeparatos.
905 1349 972 1427 Ipsa
988 1348 1093 1408 deiude
1109 1366 1159 1406 au·

156 1437 214 1495 dita
229 1437 310 1511 regis
325 1453 399 1494 nece
416 1450 481 1495 cum
496 1433 579 1492 titulo
596 1432 686 1492 oflicii
702 1433 738 1493 ad
753 1434 894 1511 exequias
910 1433 1105 1505 cucurrisset,
1130 1432 1159 1488 iu

157 1537 244 1578 cruce
265 1519 418 1595 pendentis
441 1517 599 1577 Pausaniae
627 1518 715 1594 capiti
740 1516 843 1576 eadem
863 1524 966 1590 nocte,
993 1533 1049 1593 qua
1067 1513 1157 1587 veuit,

158 1619 293 1662 coronam
325 1619 442 1662 auream
468 1601 613 1678 inposuit,
644 1600 722 1677 quod
751 1617 836 1660 nemu
864 1601 938 1660 alius
963 1599 1072 1658 audere
1102 1595 1159 1652 uisi

115 1697 146 1746 11
159 1686 233 1743 baec
257 1687 414 1763 superstite
434 1683 559 1761 Philippi
577 1682 638 1741 tilio
653 1685 805 1760 potuisset.
838 1682 951 1743 Paucos
966 1681 1070 1741 deinde
1091 1686 1159 1755 post
1193 1726 1197 1735 .

157 1768 220 1827 dies
238 1767 358 1826 reiixum
378 1785 485 1844 corpus
503 1766 700 1837 interiectoris
722 1785 811 1844 super
826 1767 965 1845 reliquias
985 1765 1077 1823 mariti
1094 1778 1157 1820 cre·

156 1852 243 1910 mavit
263 1859 292 1909 et
312 1851 449 1910 tumulum
478 1851 505 1908 ei
527 1848 631 1908 eodem
655 1850 727 1909 fecit
749 1850 866 1923 inloco
893 1849 1096 1928 parentarique
1118 1844 1158 1901 ei·

32 1951 35 1956 ’
116 1934 222 1997 ltdem
248 1936 399 2012 quotannis
422 1936 538 1994 incussa
564 1932 674 2011 populo
701 1933 909 2012 superstitione
931 1931 1050 1990 curavit.
1088 1926 1160 1986 Post

157 2016 450 2097 haec-Cleopatram,
479 2036 495 2076 a
519 2034 574 2094 qua
597 2017 681 2094 pulsa
703 2016 829 2096 Philippi
852 2013 1030 2074 matrimonio
1051 2011 1158 2084 furerat,

157 2103 186 2160 iu
200 2103 312 2176 gremio
337 2104 399 2161 eius
417 2102 496 2178 prius
513 2100 571 2159 tilia
591 2099 760 2175 interfecta,
787 2099 869 2159 linire
892 2098 979 2156 vitam
999 2092 1158 2171 suspendio

159 2186 258 2259 coegit
266 2206 273 2250 ;
305 2184 536 2261 spectaculoque
563 2183 716 2259 pendentis
748 2182 887 2242 ultionem
912 2180 1003 2257 potita
1031 2185 1093 2251 est,
1123 2174 1160 2233 ad

116 2278 150 2331 13
160 2285 245 2346 quam
260 2284 314 2344 per
336 2267 520 2344 parricidium
542 2265 740 2325 festinaverat.
783 2264 947 2325 Novissime
972 2260 1097 2337 gladium
1125 2256 1159 2315 il·

159 2350 233 2424 lum,
259 2365 316 2426 quo
332 2369 387 2410 rex
403 2366 560 2428 percussus
580 2356 641 2423 est,
672 2348 802 2426 Apollini
819 2347 872 2407 sub
888 2347 1002 2406 nomine
1020 2340 1160 2418 Myrtales

160 2434 360 2491 consecravit:
394 2434 451 2492 hoc
476 2434 550 2491 euim
581 2448 688 2491 nomen
720 2440 786 2490 ante
817 2429 997 2506 Olympiadis
1022 2423 1161 2504 parvulae

114 2524 152 2590 ,14
161 2515 222 2573 iuit.
255 2514 336 2587 Quae
353 2517 446 2575 omnia
461 2517 499 2574 ita
515 2514 609 2592 palam
625 2516 700 2574 iacta
716 2523 796 2587 suut,
824 2521 855 2572 ut
872 2512 1001 2572 timuisse
1017 2508 1160 2581 videatur,

159 2616 196 2656 ue
213 2597 324 2656 facinus
341 2597 378 2657 ab
394 2616 429 2657 ea
445 2600 628 2657 commissum
642 2614 700 2656 nou
714 2595 898 2674 probaretur.

132 2693 147 2744 1
222 2682 251 2742 8.
273 2681 411 2740 Decessit
426 2680 574 2758 Philippus
588 2680 638 2740 XL
652 2689 681 2740 et
694 2687 807 2756 septem
823 2696 983 2752 annorum,
1001 2692 1065 2735 cum
1080 2672 1161 2732 aunis
1194 2730 1197 2736 ,

130 2763 242 2825 ⁴2XXV
257 2772 421 2840 regnasset.
458 2762 561 2823 Geuuit
588 2782 626 2822 ex
648 2763 783 2822 Larisaea
812 2762 959 2822 saltatrice
986 2754 1160 2831 lilium'Ari·

132 2847 283 2922 alaeam,
308 2849 355 2925 qui
373 2856 439 2925 post
454 2846 649 2906 Alexandrum
664 2847 807 2922 regnavit.
837 2844 943 2904 Habuit
957 2851 987 2902 et
1001 2842 1075 2899 alios
1090 2836 1160 2896 rnul-

146 2940 207 2989 ¹tos
225 2949 263 2990 ex
278 2932 366 2989 variis
381 2930 567 2989 matrimoniis
582 2930 666 3005 regio
688 2945 771 2988 more
789 2938 961 3005 susceptos,
990 2924 1038 3001 qui
1059 2922 1162 3000 partim

128 3014 237 3089 tinto,
266 3015 368 3092 partim
386 3013 465 3072 ferro
483 3013 609 3091 periere.
641 3010 705 3073 Fuit
719 3030 772 3071 rex
794 3027 936 3070 armorum
956 3022 1040 3082 quam
1064 3003 1161 3063 convi-

133 3098 274 3159 5viorum
289 3096 473 3176 apparatibus
491 3097 658 3171 studiosior,
674 3096 720 3154 cui
735 3096 856 3154 maxime
872 3109 946 3169 opes
962 3095 1044 3146 erant
1058 3088 1161 3146 iustru-

135 3189 258 3241 6meuta
272 3181 431 3240 bellorum:
463 3179 625 3238 divitiarum
643 3181 781 3256 quaestus
803 3192 888 3253 quam
905 3170 1036 3233 custodia
1058 3169 1162 3229 soller-

131 3263 229 3324 tticr.
258 3262 359 3340 ltaque
376 3265 451 3322 inter
468 3262 627 3321 cotidianas
641 3262 757 3339 rapinas
775 3277 892 3336 semper
906 3258 991 3333 inops
1006 3262 1079 3314 crat.
1111 3249 1161 3311 bli-

129 3346 324 3406 asertccrdta
343 3349 372 3405 in
391 3363 427 3404 eo
450 3354 480 3403 et
496 3345 618 3422 pertidia
638 3345 705 3422 pari
725 3344 787 3401 iure
810 3343 945 3402 dilectae.
982 3335 1069 3396 Nulla
1088 3330 1163 3412 apud

163 3438 228 3483 eum
257 3427 350 3504 turpis
375 3428 449 3487 ratio
471 3421 616 3486 vincendi.
645 3426 771 3485 Blandus
798 3426 908 3502 pariter
934 3429 964 3481 et
996 3420 1161 3493 insidiosus,
