2442 3975
95 203 237 257 vlla-5
427 205 735 253 mammonam.
1058 190 1099 253 53

97 373 181 444 cente
202 369 307 438 rogant
328 358 508 432 Amyntam,
524 365 556 416 ut
581 360 731 435 apparatui
752 357 900 435 epularum
927 357 1033 418 adiciat
1055 356 1101 416 ius

96 446 314 517 familiaritatis,
339 441 473 501 adhibitis
488 443 516 499 in
529 441 691 499 convivium
714 458 795 500 suum
811 440 877 498 liliis
900 449 930 499 et
943 440 1098 499 uxoribus:

95 533 125 591 id
148 529 224 607 apud
245 527 351 590 Persas
376 524 478 584 haberi
499 525 603 617 pignus
626 542 662 584 ac
678 524 783 583 foedus
805 520 932 600 hospitii.
972 522 1054 595 Quae
1070 528 1129 581 uti

93 619 249 683 ¹uenerunt,
274 607 712 686 petulantius·contrectantibus
729 607 804 665 lilius
816 605 959 680 Amyntae
971 604 1099 665 Alexan·

44 742 53 759 .
97 698 150 762 der
172 700 257 768 rogat
277 700 406 769 patrem,
427 699 564 768 respectu
581 692 686 751 aetatis
705 707 740 749 ac
754 691 904 766 gravitatis
922 705 992 748 suae
1008 682 1101 747 abiret

98 776 252 849 convivio,
275 774 424 851 pollicitus
446 792 479 833 se
495 766 641 853 hospitum
662 781 888 851 temperaturum
905 773 999 831 iocos.
1036 769 1129 843 Quot

97 861 233 936 digresso
250 857 388 916 mulieres
402 873 518 934 quoque
542 856 689 934 paululum
711 857 879 916 ecouvivio
897 863 1020 928 evocat,
1041 851 1100 911 cul·

98 946 155 1002 tius
173 948 363 1000 exornaturus
381 941 585 1018 gratioresque
603 940 785 999 reducturus.
819 938 852 997 ln
867 956 987 1017 quarum
1006 936 1130 997 tocumc

93 1024 250 1089 matronali
271 1022 369 1082 habitu
389 1031 546 1081 exornatos
570 1024 692 1082 iuvenes
716 1024 855 1100 opponit,
885 1038 996 1099 eosque
1018 1026 1100 1098 petu-

98 1109 214 1169 lantiam
228 1107 390 1182 legatorum
405 1105 498 1180 ferro,
521 1104 598 1183 quod
615 1099 667 1165 su'b
688 1113 774 1178 veste
795 1103 950 1182 gerebant,
976 1118 1100 1180 conpes·
1156 1098 1165 1123 ¹

87 1209 169 1261 ,cere
182 1188 271 1248 iubet.
294 1188 391 1265 Atque
408 1190 447 1247 ita
467 1188 629 1247 interfectis
645 1189 778 1249 omnibus
800 1190 918 1264 ignarus
934 1186 978 1246 rel
999 1184 1129 1263 negor

98 1275 204 1348 banus,
232 1289 295 1330 oum
318 1271 408 1347 legati
433 1288 492 1331 non
514 1271 660 1351 redirent,
691 1272 774 1330 mittit
798 1287 834 1329 eo
862 1288 926 1329 cum
953 1270 1102 1329 exercitus

98 1366 181 1436 parte
205 1355 346 1414 Bnbarem
366 1363 397 1412 ut
421 1354 450 1411 in
470 1353 579 1413 bellum
601 1354 689 1414 facile
716 1363 745 1414 et
772 1353 939 1429 mediocre,
963 1352 1131 1429 dedigna·8

98 1451 144 1500 tus
160 1441 224 1517 ipse
241 1440 302 1514 ire,
325 1455 362 1496 ne
383 1437 627 1497 dehonestaretur
651 1438 766 1516 proelio
789 1447 844 1496 tam
863 1436 971 1503 foedae
995 1436 1104 1512 gentis..

100 1523 159 1583 Sed
168 1521 298 1581 Bnbares
315 1528 381 1579 ante
395 1520 503 1579 bellum
518 1537 618 1580 amore
633 1521 709 1580 liliae
718 1520 864 1593 Amyntae
875 1529 977 1597 captus
994 1519 1131 1578 omiss09

100 1585 180 1666 bello
202 1604 316 1682 nuptias
336 1603 406 1663 iacit
428 1603 631 1682 depositisque
652 1601 807 1663 hostilibus
831 1602 931 1661 animis
954 1602 983 1660 iu
1002 1599 1102 1671 adlini·

100 1689 167 1749 tatis
185 1689 246 1746 iura
264 1687 404 1746 succedit.
486 1684 491 1691 ’
857 1700 860 1701 ’

164 1772 193 1831 4.
213 1770 283 1828 Post
297 1770 458 1829 discessum
473 1787 489 1828 a
504 1766 676 1827 Macedonia
692 1767 812 1829 Rubaris
827 1766 967 1845 Amyntas
983 1786 1037 1826 rex
1052 1766 1102 1825 de·
1115 1775 1130 1825 1

102 1855 192 1915 cedit:
217 1853 298 1911 ouius
318 1851 376 1910 lilio
394 1861 422 1910 et
443 1854 611 1910 successori
633 1851 801 1910 Alexandro
825 1852 961 1926 cognatio
983 1849 1104 1908 Rubaris

101 1950 159 1998 non
175 1935 265 1996 Darei
280 1944 385 1996 tantum
401 1934 579 2012 temporibus
596 1952 698 2014 pacem
715 1935 873 2012 praestitit,
902 1950 1001 1992 verum
1019 1932 1105 1991 etiam

101 2021 221 2081 Xerxen
236 2019 311 2079 adeo
329 2019 504 2092 conciliavit,
525 2019 576 2091 ut',
596 2037 661 2077 cnm
677 2017 827 2077 Graeciam
840 2016 929 2076 veluti
944 2024 1104 2093 tempestas

103 2105 244 2183 quaedam
267 2110 461 2179 occupasset,
492 2102 567 2159 iuter
588 2100 743 2178 Olympum
768 2099 965 2176 Haemumque
991 2105 1104 2157 montes

102 2189 190 2247 totius
206 2185 336 2262 regionis
360 2202 425 2244 eum
445 2185 568 2261 imperio
591 2184 752 2248 donaverit.
784 2182 843 2244 Sed
859 2201 915 2242 nec
932 2182 1037 2241 virtute
1053 2179 1132 2238 mi-‘t

102 2290 155 2330 nus
171 2286 256 2347 quam
269 2268 421 2345 Persarum
437 2266 611 2328 liberalitate
629 2286 751 2344 regnum
766 2265 923 2345 ampliavit.

187 2353 243 2412 Per
258 2352 389 2411 ordinem
414 2350 518 2412 deinde
545 2353 742 2411 successionis
768 2367 890 2427 regnum
912 2347 1133 2410 Macedoniam

97 2437 138 2497 -ad
154 2435 315 2511 Amyntam,
340 2435 439 2494 fratris
456 2436 518 2493 eius
531 2433 656 2495 Menelai
673 2435 772 2509 lilium,
792 2434 935 2512 pervenit.
964 2431 1018 2491 Hic
1034 2436 1134 2509 quo-4

104 2539 161 2600 que
179 2520 297 2596 insignis
311 2519 452 2579 industria
468 2527 498 2576 et
521 2519 651 2577 omnibns
673 2513 866 2596 imperatoriis
888 2511 1041 2577 virtutibus
1063 2514 1105 2571 in·

104 2611 231 2663 structus
251 2603 319 2660 fuit:
347 2602 396 2679 qui
418 2619 456 2662 ex
476 2600 623 2675 Eurydice
646 2611 705 2661 tres
728 2601 803 2660 filios
824 2602 958 2676 sustulit,
978 2599 1134 2657 Alexan-5

85 2687 204 2759 ‚drum,
224 2683 394 2744 Perdiccam
412 2693 442 2743 et
457 2684 634 2763 Philippum,
653 2685 813 2744 Alexandri
828 2686 920 2762 Magni
936 2677 1106 2742 Macedonis

104 2778 234 2847 patrem,
256 2776 285 2825 et
302 2768 592 2841 liliam.Euryonen:'
610 2786 648 2826 ex
667 2766 786 2844 Gygaeo
808 2777 902 2827 autem
918 2762 1106 2834 Archelaum,
1143 2761 1155 2785 ⁸

106 2851 280 2930 Aridaeum,
302 2848 473 2909 Menelaum.
508 2848 579 2910 Cum
593 2850 701 2925 Illyriis
718 2851 823 2910 deinde
840 2859 948 2928 etcum
964 2841 1136 2918 Olynthiisti

105 2935 208 3012 gravia
230 2932 309 2993 bella
330 2934 432 3010 gessit.
462 2933 576 3010 insidiis
598 2936 683 2996 etiam
705 2931 868 3008 Eurydices
891 2929 1007 3001 uxoris,
1029 2930 1133 3001 quael
1181 2959 1183 2962 ·

105 3018 220 3095 nuptias
237 3019 340 3093 generi
357 3025 442 3095 pacta
458 3017 646 3078 occidendum
663 3017 753 3075 virum
774 3011 955 3091 regnumque
975 3005 1107 3069 adultero

105 3100 274 3161 tradendum
299 3110 488 3179 susceperat,
509 3108 670 3179 occupatus
693 3099 815 3173 fuisset,
848 3098 876 3155 ni
901 3095 959 3165 iilia
979 3090 1107 3170 paelica·
1137 3091 1142 3104 ‘

106 3193 164 3243 tum
185 3186 284 3243 matris
306 3194 336 3244 et
356 3185 478 3243 sceleris
500 3185 621 3244 consilia
646 3181 833 3261 prodidisset.
865 3178 993 3238 Functus
1012 3177 1148 3257 itaques-

107 3275 151 3326 tot
166 3264 306 3345 periculis
323 3286 416 3327 senex
431 3267 576 3345 decessit,
597 3282 691 3342 regno
707 3266 830 3324 maximo
846 3280 883 3320 ex
899 3261 966 3320 liliis
981 3257 1116 3318 Alexan-¹

108 3348 160 3409 dro
181 3352 298 3410 tradito.
321 3383 323 3386 ·

75 3505 77 3509 .
171 3434 200 3495 5.
223 3433 315 3510 igitur
337 3433 507 3528 Alexander
526 3434 602 3492 inter
628 3433 718 3510 prima
742 3429 820 3489 initia
840 3428 924 3505 regni
943 3424 1052 3487 bellum
1072 3423 1136 3483 abl
