2442 3975
176 12 227 26 'W

93 219 229 273 mea
444 227 643 314 ursorum.
657 227 750 276 narn.
829 207 838 222 ’“
1029 217 1085 280 iba

94 380 181 439 aienti
195 379 309 455 generi,
326 380 366 438 itu
380 388 409 439 et
422 380 608 456 magbitadini
624 383 713 458 patris
725 387 940 440 accesserunt.
972 379 1024 439 llis
1040 380 1120 445 dua

94 462 178 523 eibos
190 462 341 522 Sardiniae
353 461 462 526 bellota
471 462 603 524 inlatam
617 464 757 522 adversus
769 461 858 521 Afros
870 479 987 540 quoque
999 464 1088 521 vecti·

93 545 144 621 gal
163 562 220 623 pro
234 545 301 608 solo
319 545 399 605 urbis
413 545 565 605 multorum
579 563 717 605 annorum
732 552 902 623 repetentes
918 545 1088 604 dimicatum

95 628 155 687 Sed
171 627 307 688 Alroronr
319 630 403 687 sicuti
415 644 503 688 causa
517 630 635 703 iustior,
651 629 689 687 ita
704 637 733 686 et
748 629 862 687 iortnna
879 628 1015 703 superior
1026 628 1089 702 init,
1100 638 1119 685 s

95 709 262 786 bellumque
289 729 352 770 oum
374 711 418 770 bis
441 711 586 770 solutione
607 700 765 788 pecuniae,
791 727 848 768 non
871 708 1120 768 unicornuus

11 868 17 876 ο
95 791 128 851 ln
154 792 284 851 Sardinia
312 811 429 871 quoqne
453 789 600 853 Asdrubal
621 794 753 869 graviter
775 792 942 851 volneratos
970 792 1124 889 imperiali

95 874 233 933 Amilcnri
249 875 336 934 iratri
355 876 459 935 tradito
480 878 603 951 interiit,
627 877 708 934 cuius
725 884 846 934 mortem
862 892 926 934 cum
940 874 1034 933 lactus
1052 875 1119 938 cii
1154 943 1160 954 ,

96 959 207 1027 vitatis,
224 966 282 1014 turn
297 967 326 1016 et
341 956 500 1018 dictaturae
514 959 648 1018 undecim
658 967 695 1017 et
707 957 842 1036 triumphi
854 965 989 1035 quattuor
1003 959 1091 1032 insig-

94 1057 161 1097 nem
190 1040 301 1099 lecere.
349 1040 488 1099 Hostibus
513 1058 630 1119 qnoque
653 1058 778 1099 crevere
791 1042 893 1114 animi,
915 1039 1006 1099 veluti
1028 1039 1125 1102 com'8

96 1122 170 1181 duce
188 1123 271 1180 vires
292 1122 454 1182 Poenorum
476 1123 662 1183 cecidissent.
703 1123 804 1200 ltaque
826 1123 943 1183 Siciliae
977 1123 1121 1201 popalis9

96 1214 220 1283 propter
234 1201 369 1266 adsiduas
381 1204 661 1283 Carthaginiensium
674 1208 791 1266 iniurias
807 1207 842 1266 ad
867 1204 1012 1266 Leonidae
1036 1207 1092 1265 ira

93 1298 167 1347 trem
183 1289 264 1364 regis
275 1290 483 1366 Spartanorum
510 1290 750 1351 concurrentibus
764 1306 856 1365 grave
867 1288 975 1348 bellam
987 1298 1092 1364 natum,
1110 1353 1112 1357 ,

14 1415 17 1421 .
95 1372 127 1430 in
150 1388 206 1448 quo
232 1380 260 1430 et
280 1372 327 1431 diu
349 1375 479 1432 etvaria
501 1375 623 1433 victoria
645 1372 819 1450 proeliatum
839 1372 901 1432 init.
932 1370 1006 1430 Ilum
1023 1367 1138 1430 lraec‘lo

36 1481 38 1484 ·
94 1463 228 1530 agantur,
244 1455 333 1529 legati
346 1473 362 1514 a
373 1454 471 1514 Dareo
484 1455 636 1515 Persarum
651 1451 724 1532 rege
733 1453 942 1534 Carthaginem
954 1462 1095 1514 venerunt

95 1538 264 1611 adferentes
279 1538 419 1612 edietum,
444 1555 502 1614 quo
518 1538 609 1598 Poeni
624 1537 762 1596 humanas
777 1537 889 1597 hostias
900 1536 1051 1598 immolare
1066 1544 1095 1595 et

97 1620 198 1677 canina
213 1620 295 1676 vesci
309 1619 552 1695 prohibebantor;
568 1629 745 1679 mortuorum
759 1636 876 1697 quoque
891 1637 1016 1697 corpora
1034 1630 1135 1682 cre-ll

96 1718 176 1760 mare
192 1702 288 1777 potius
306 1718 390 1777 qoam
408 1712 486 1760 terra
501 1703 629 1761 obruere
645 1720 746 1778 arege
757 1702 943 1769 iubebantor;
961 1711 1096 1780 petentes
1104 1712 1140 1766 12
1191 1731 1193 1736 ¹

95 1783 181 1843 simul
196 1783 302 1843 auxilia
316 1782 455 1843 adversus
467 1784 629 1856 Graeciam,
645 1788 690 1843 cni
706 1786 845 1844 inlaturus
860 1785 968 1845 bellom
981 1786 1094 1845 Dareus

96 1876 168 1927 erat
206 1867 264 1926 Sed
283 1866 539 1943 Carthaginienses
563 1868 669 1927 auxilia
685 1878 827 1944 negantes
842 1877 963 1946 propter
978 1869 1097 1928 adsrdua
1105 1880 1140 1933 13

96 1951 278 2010 finitimorum
294 1950 372 2011 bella
389 1953 508 2027 ceteris,
527 1969 564 2011 ue
579 1970 634 2030 per
651 1953 745 2011 omnia
761 1960 947 2047 contumaces
963 1950 1098 2011 videreu-
1203 1955 1206 1962 '

95 2043 151 2109 tur‘,
170 2036 276 2112 cupide
287 2053 423 2113 paruere

155 2118 185 2176 2.
207 2117 322 2176 lntsrea
338 2116 467 2177 Amilcar
482 2117 562 2177 bello
573 2118 723 2177 Siciliensi
735 2117 907 2176 interficitur
920 2115 1031 2175 relictis
1046 2117 1095 2175 tri·
1084 2131 1123 2179 -1

95 2198 150 2257 bos
167 2199 243 2274 filiis,
259 2200 409 2275 lmiloone,
426 2200 560 2278 Annone,
578 2201 717 2277 Gisgone.
741 2198 897 2259 Asdrubali
913 2215 1030 2276 qaoque
1048 2209 1128 2274 par2

96 2299 232 2342 numeros
251 2281 373 2343 liliorum
388 2284 456 2343 luit:
476 2284 610 2360 Annibal,
626 2283 772 2343 Asdrubal
787 2291 816 2340 et
833 2281 944 2359 Sapbo.
966 2281 1024 2341 Per
1038 2280 1124 2345 bos3

96 2382 145 2423 res
166 2361 449 2442 Carthaginiensium
469 2385 504 2427 ea
525 2376 701 2445 tempestate
721 2365 908 2442 tegebamur.
943 2364 1046 2442 ltaque
1067 2372 1127 2427 et4

97 2445 203 2507 llauris
220 2449 328 2508 bellum
343 2450 461 2509 inlatum
477 2460 505 2509 et
517 2450 661 2513 adversus
674 2449 811 2509 Numidas
828 2456 981 2525 pugnaturn
993 2457 1022 2507 et
1034 2447 1099 2506 Afri

97 2531 231 2608 conpulsi
253 2532 428 2610 stipendium
447 2533 527 2592 orbis
548 2532 682 2592 conditae
697 2530 982 2609 Carthaginiensibus
1002 2533 1098 2591 remit·

97 2621 170 2671 tere.
194 2613 284 2688 Dein,
303 2632 365 2673 cum
381 2615 487 2675 familia
502 2625 578 2675 tanta
595 2617 801 2693 imperatorum
815 2617 914 2692 gravis
928 2615 1041 2675 liberae
1056 2617 1126 2677 oio

98 2695 179 2753 vitati
195 2705 275 2754 esset
290 2699 441 2774 omniaque
454 2700 508 2777 ipsi
521 2708 643 2775 agerent
654 2698 738 2756 simul
750 2708 779 2758 et
791 2698 967 2773 indicarent,
984 2708 1099 2757 centurn

99 2794 137 2835 ex
151 2795 271 2836 numero
288 2789 452 2838 senatorum
468 2782 579 2841 iudices
595 2781 770 2858 deliguntur,
787 2784 835 2860 qai
847 2783 977 2841 reversis
989 2799 1005 2838 a
1016 2780 1098 2839 bello

99 2859 219 2919 ducibus
235 2862 375 2921 rationem
391 2881 487 2923 rerum
502 2875 650 2947 gestarum
665 2867 835 2941 exigerent,
852 2873 883 2923 nt
896 2864 953 2922 hoo
967 2872 1043 2921 meta
1058 2863 1126 2926 itali

98 2943 127 3001 in
146 2943 259 3004 bello
251 2947 372 3023 imperia
386 2949 565 3024 cogitarent,
587 2958 618 3007 ot
633 2947 709 3006 dorni
723 2948 830 3006 iudicia
843 2947 987 3022 legesque
1002 2947 1097 3022 respi-

98 3037 207 3103 carent.

160 3111 191 3169 ln
206 3112 338 3172 Sicilia
329 3131 357 3171 ιιι
378 3113 475 3173 locum
492 3107 671 3173 Amilcaris
662 3121 820 3189 imperator
833 3109 934 3171 lrnileo
950 3111 1095 3186 succedit,
1107 3120 1125 3175 7

100 3193 148 3268 qui
170 3213 234 3252 cam
254 3196 351 3292 navali
368 3197 560 3273 terrestrique
581 3196 664 3256 bello
690 3194 819 3254 secanda
841 3192 954 3272 proelia
976 3193 1099 3252 fecisset

100 3361 260 3418 exercitam
276 3362 377 3419 amisit.
403 3361 485 3434 Quae
500 3381 549 3421 res
565 3378 629 3422 cum
643 3363 769 3421 nuntiata
800 3361 976 3436 Cartbagine
1005 3370 1128 3438 esset,8

99 3449 210 3500 maesta
232 3444 334 3502 civitas
358 3444 429 3504 init:
453 3447 548 3506 omnia
568 3444 723 3505 ululatibus
741 3460 799 3503 non
814 3461 917 3520 secus,
941 3461 976 3503 ac
990 3463 1015 3504 ιι
1008 3444 1098 3504 urbs
