2442 3975
145 178 185 240 to
531 195 787 244 ruocr-uoursr
1066 195 1148 250 rau

102 343 187 411 loric
208 344 372 405 exultantes
398 348 461 426 puri
484 348 648 408 insidiarum
676 348 776 409 fraude
808 351 1009 412 circumvenit:
1058 357 1147 434 uippe

105 424 108 429 ’
143 427 274 487 simulata
288 428 447 490 diilideutia
458 442 581 510 propter
593 432 697 492 vulnus
709 430 862 511 acceptum
874 435 1024 512 refugiens
1037 372 1147 511 llyrum

101 521 134 572 11
145 509 180 569 ad
197 514 345 586 angustias
362 531 453 591 usque
470 515 615 592 perduxit.
660 515 704 574 lbi
724 518 885 595 conpositis
902 521 930 577 in
945 520 1089 580 montibus
1105 523 1146 581 iu-

101 603 135 655 12
143 593 224 653 sidiis
239 594 362 656 ducenta
378 597 455 656 milia
470 597 624 658 Persarum
643 617 706 658 cum
724 602 792 678 ipso
812 618 885 676 rege
905 602 1069 667 trucidavit.
1112 603 1146 664 lu

143 696 199 755 qua
219 678 343 739 victoria
368 682 453 740 etiam
474 681 544 741 illud
564 682 754 742 memorabile
775 683 845 758 fuit,
877 685 953 762 quod
974 704 1010 744 ne
1031 689 1145 746 nuntius

100 760 257 838 13quidem
273 771 368 823 tantae
394 763 485 824 cladis
506 765 659 844 superfuit.
712 765 806 844 (lapsu
827 766 895 841 Cyri
918 777 1092 847 amputatum
1118 772 1146 828 in

142 853 234 903 utrem
248 845 370 906 humano
386 849 526 923 sunguine
543 849 686 927 repletum
704 852 797 909 conici
809 852 912 927 regina
923 851 1002 912 iubet
1015 870 1079 912 cum
1090 853 1147 913 hac

141 927 372 1006 exprobratione
388 931 581 992 crudelitatis:
596 928 683 992 “satia
701 938 742 992 te'
765 934 857 1010 inquit
868 937 1037 1013 esanguine,
1061 954 1145 1015 quem

99 1012 227 1073 resilisti
242 1013 380 1091 cuiusque
393 1015 563 1075 insatiabilis
580 1033 697 1094 semper
713 1017 815 1075 fuisti?
836 1015 929 1092 Cyrus
950 1022 1084 1095 regnauit
1096 1038 1145 1080 an-

140 1095 184 1153 nis
196 1093 289 1172 XXX,
306 1114 364 1156 uon
376 1098 455 1157 initio
472 1108 577 1159 tantum
593 1101 692 1175 regni,
712 1099 763 1159 sed
781 1104 915 1161 continuo
930 1104 1017 1161 totius
1032 1111 1145 1182 tempo·

140 1179 181 1237 ris
197 1196 337 1239 successu
353 1181 558 1242 admirabiliter
572 1184 705 1258 insignis.
985 1240 987 1243 .

115 1273 129 1323 1
158 1278 160 1285 ’
202 1263 232 1323 9.
249 1262 322 1322 Huic
337 1267 480 1324 successit
496 1267 571 1326 lilius
587 1265 757 1343 Cambyses,
775 1269 822 1345 qui
839 1269 960 1346 imperio
976 1270 1066 1347 patris
1084 1269 1143 1329 Ae-

112 1346 392 1423 ugyptumadiecit;
421 1348 473 1408 sed
499 1350 628 1410 offensus
652 1350 1144 1430 superstitionibus[Aegyptiorum

113 1427 218 1505 3Apis
237 1439 459 1509 ceterorumque
476 1432 595 1492 deorum
612 1434 701 1493 aedes
717 1433 789 1492 dirui
804 1434 893 1493 iubet.
936 1435 983 1495 Ad
995 1436 1144 1494 Ammonis

140 1529 258 1589 quoque
275 1513 484 1574 nobilissimum
498 1516 636 1594 templum
651 1518 872 1595 expugnandum
896 1520 1056 1578 exercitum
1079 1522 1143 1577 mit·

139 1597 186 1669 tit,
212 1598 260 1673 qui
283 1599 504 1675 tempestatibus
525 1609 555 1659 et
575 1600 745 1660 harenarum
772 1600 896 1661 molibus
918 1619 1080 1679 oppressus
1100 1603 1142 1659 in-

110 1679 225 1739 steriit.
249 1677 319 1738 Post
331 1680 405 1741 haec
417 1700 471 1760 per
485 1686 610 1760 quietem
627 1685 697 1742 vidit
711 1684 828 1743 fratrem
842 1703 922 1744 suurn
938 1685 1060 1762 Mergim
1074 1701 1141 1760 reg·

111 1769 278 1822 sucturum.
324 1764 388 1838 Quo
405 1768 518 1824 somnio
535 1768 691 1826 exterritus
707 1785 763 1825 non
779 1767 917 1827 dubitavit
934 1777 1001 1846 post
1022 1768 1141 1826 sacrile-

69 1884 75 1889 -
108 1845 187 1920 ogia
202 1846 286 1904 etiam
302 1848 484 1924 parricidium
503 1849 613 1909 iacere.
657 1850 728 1910 Erat
743 1852 818 1909 enim
834 1851 965 1927 difficile,
988 1860 1018 1910 ut
1039 1868 1141 1928 parce-

138 1935 184 1985 ret
201 1931 270 2006 suis‚
288 1933 336 2009 qui
352 1950 415 1992 curn
435 1943 602 2012 contemptu
616 1933 767 2010 religionis
778 1943 927 2013 grassatus
940 1936 1024 1993 etiam
1036 1932 1141 1992 aduer-

107 2022 125 2076 7
137 2030 186 2070 sus
201 2012 275 2073 deos
296 2016 401 2075 luerat.
451 2017 496 2077 Ad
518 2016 653 2077 boclam
677 2017 795 2078 crudele
817 2019 1004 2077 ministerium
1025 2033 1140 2092 magum

109 2096 283 2172 Squeudam
300 2116 338 2158 ex
354 2101 452 2159 amicis
468 2101 593 2176 delegit,
614 2103 728 2160 nomine
745 2101 895 2162 Gometon.
938 2099 1054 2159 Interim
1075 2102 1141 2179 ipse
1191 2173 1200 2188 ι

135 2178 235 2253 gladio
254 2198 305 2240 sua
320 2192 426 2261 sponte
441 2186 596 2259 evaginato
615 2185 643 2242 in
657 2184 751 2244 femur
767 2187 897 2261 graviter
911 2183 1079 2243 uulneratus
1091 2200 1140 2243 oc·

138 2261 234 2321 cubuit
250 2280 421 2344 poenasque
436 2267 487 2327 luit
509 2284 561 2326 seu
584 2269 715 2346 imperati
735 2268 882 2347 parricidii
906 2286 957 2327 seu
980 2267 1140 2346 perpetrati

107 2355 126 2409 9
137 2345 297 2422 sacrilegii.
322 2349 386 2423 Quo
398 2352 495 2410 nuntio
506 2359 633 2430 accepto
644 2368 745 2428 magus
758 2357 824 2410 ante
836 2352 939 2412 ianuam
949 2352 1047 2411 amissi
1059 2350 1140 2425 regis

137 2438 262 2507 occupat
272 2431 384 2491 facinus
398 2442 602 2512 prostratoque
615 2433 761 2510 Mergide»
774 2437 818 2494 cui
832 2452 953 2510 regnum
968 2432 1139 2508 debebatur,

95 2510 253 2573 loiratrem
272 2532 354 2574 suum
376 2515 499 2575 subiecit
518 2515 692 2597 Oropasten.
713 2516 784 2577 Erat
803 2519 878 2576 enim
894 2517 1019 2576 decorus
1033 2526 1061 2575 et
1074 2532 1139 2575 cor·

136 2595 216 2672 poris
233 2595 406 2659 liniamentis
422 2600 596 2679 persimilis,
614 2618 649 2660 ac
665 2603 777 2660 nemine
796 2600 919 2660 subesse
946 2600 1043 2661 dolum
1064 2598 1139 2659 arbi·

94 2686 229 2740 lltrante
253 2698 307 2758 pro
329 2681 461 2760 Mergide
484 2702 538 2743 rex
558 2685 702 2763 Oropasta
730 2685 922 2743 constituitur.
979 2685 1061 2758 Quae
1090 2700 1139 2741 res

103 2805 105 2808 ψ
135 2779 171 2821 eo
188 2763 332 2823 occultior
342 2765 404 2841 init,
424 2767 501 2845 quod
518 2768 593 2846 apud
605 2768 711 2828 Persas
728 2785 852 2846 persona
866 2768 946 2843 regis
969 2767 1023 2826 sub
1036 2766 1138 2844 specie

92 2847 293 2916 lamaiestatis
310 2849 460 2910 occulitur.
505 2849 596 2927 lgitur
611 2852 689 2926 mugi
712 2851 747 2910 ad
767 2852 898 2911 savorem
918 2850 1019 2929 populi
1040 2851 1149 2934 conci-D

60 2948 64 2955 ·
133 2928 258 2988 liandum
270 2930 375 2992 tributa
388 2944 416 2993 et
427 2933 545 2994 militiae
559 2936 740 2994 vacationem
752 2935 781 2993 in
793 2935 945 2994 triennium
959 2935 1136 3013 permittunt,

43 3039 45 3043 ·
93 3021 164 3075 13ut
179 3031 317 3091 regnum,
337 3016 414 3094 quod
430 3017 532 3077 fraude
550 3018 749 3096 quaesierant,
765 3017 962 3092 indulgentiae
978 3016 1136 3092 largitioni·

92 3104 126 3157 14
134 3095 187 3155 bus
203 3097 419 3159 confirmarent.
464 3102 545 3175 Quae
559 3119 608 3160 res
624 3110 759 3178 suspecta
776 3104 868 3180 primo
882 3101 993 3176 Omani,
1009 3102 1073 3159 viro
1086 3115 1137 3156 no-

93 3178 187 3241 l5bili
203 3181 275 3239 etin
293 3184 461 3244 coniectura
476 3185 683 3262 sagacissimo,
705 3183 768 3243 luit.
812 3182 912 3262 ltaque
926 3202 980 3263 per
992 3185 1137 3242 internun-

132 3264 191 3321 tios
206 3267 319 3341 quaerit
335 3266 371 3325 de
387 3267 463 3343 lilia,
479 3286 553 3346 quae
568 3268 648 3346 inter
659 3269 757 3344 regias
772 3267 903 3347 paelices
916 3276 994 3343 erat,
1019 3284 1055 3325 an
1068 3263 1137 3338 Cyri
1153 3323 1159 3334 ,

90 3354 124 3407 16
133 3344 209 3404 filius
225 3363 280 3405 rex
298 3358 388 3409 esset.
421 3349 475 3410 illa
489 3368 545 3411 nec
556 3369 590 3409 se
601 3352 694 3429 ipsam
705 3351 782 3410 scire
795 3353 833 3410 ait
848 3368 905 3409 nec
917 3369 955 3410 ex
972 3350 1027 3410 alia
1047 3365 1137 3427 posse

90 3435 123 3489 17
135 3442 337 3506 cognoscere,
354 3433 420 3509 quia
439 3433 571 3510 singulae
589 3434 745 3512 separatim
756 3433 950 3494 recludantur.
983 3432 1054 3493 Tum
1070 3449 1138 3511 per·
