2442 3975
84 227 130 279 111
139 231 196 284 aa
428 236 521 286 mss.
537 237 631 285 earn.
648 238 738 285 serr.
1047 224 1085 287 st

88 389 138 468 qui
154 398 256 449 auctor
268 390 417 468 Spartanis
430 390 525 450 iuerat
536 391 691 450 iuventutis
704 390 739 450 ad
752 391 945 466 generandam
958 392 1090 452 subolem

87 472 201 532 domum
224 473 431 549 remittendae,
452 483 499 550 ut,
519 474 604 532 sicuti
618 473 720 533 dudum
736 483 848 552 patrem
871 476 933 534 eius
953 476 1123 541 nascendis

87 565 237 615 auctorem
253 555 432 632 habuissent,
449 559 492 616 sic
508 559 601 635 ipsum
621 558 687 635 spei
704 573 739 616 ac
753 556 901 633 dignitatis
918 577 987 618 suae
997 558 1084 620 hahe-

86 643 166 698 rent?
205 640 307 717 ltaque
323 656 378 698 nec
394 640 523 700 salutatis
534 640 682 715 matribus,
700 658 716 698 e
732 656 851 717 quarum
866 640 1005 700 adulterio
1019 643 1089 701 inia·
1098 656 1135 707 10

86 724 170 782 miam
188 722 349 799 collegisse
368 722 555 799 videbantur,
580 723 616 783 ad
637 723 724 783 sedes
748 724 934 801 inquirendas
956 725 1087 803 proticis-

87 815 203 875 cuntur;
227 805 333 884 diuque
349 815 377 864 et
393 825 447 885 per
462 808 560 866 varios
576 824 662 867 casus
683 808 780 867 iactati
802 808 917 866 tandem
931 809 959 866 in
980 806 1130 873 ltaliamll

86 890 254 949 deteruntur
270 898 299 947 et
316 899 458 968 occupata
473 908 541 949 arce
557 889 789 966 Tarentinorum,
811 892 985 969 expugnatis
1007 901 1087 951 vete·

85 973 166 1033 ribus
180 973 298 1048 incolis,
316 972 404 1031 sedes
420 972 460 1031 ihi
484 975 669 1032 constituunt.
715 974 774 1032 Sed
798 984 864 1052 post
886 992 977 1035 annos
1000 976 1135 1054 pluri-12

85 1074 149 1116 mos
163 1057 220 1116 dux
238 1074 338 1116 eorum
354 1055 508 1116 Phalantus
523 1075 577 1135 per
592 1057 763 1116 seditionem
783 1059 812 1115 in
834 1058 950 1118 exilium
972 1068 1085 1136 protur-

86 1139 170 1199 batus
184 1140 364 1198 Brundisium
379 1157 411 1198 se
426 1140 557 1217 contulit,
569 1157 626 1218 quo
640 1141 754 1218 expulsi
769 1140 887 1200 sedibus
899 1144 958 1202 suis
971 1151 1087 1202 veteres

86 1223 231 1284 Tarentini
248 1231 467 1282 concesserant.
498 1223 549 1282 llis
569 1226 697 1283 moriens
718 1224 889 1303 persuadet,
908 1235 938 1284 nt
954 1242 1022 1285 ossa
1038 1244 1088 1286 sua
1098 1237 1135 1291 13

87 1316 310 1386 postremusque
338 1306 477 1384 reliquias
504 1316 655 1366 conterant
684 1316 713 1365 et
735 1309 823 1367 tacite
845 1310 945 1387 spargi
967 1311 995 1368 in
1019 1309 1087 1368 loro

86 1390 305 1451 Tarentinorum
328 1399 445 1449 curent:
468 1389 526 1449 hoc
542 1391 617 1449 enim
640 1390 727 1450 modo
747 1409 926 1469 recuperare
947 1392 1015 1452 illos
1037 1409 1087 1471 pa·
1096 1403 1133 1456 14

85 1477 169 1533 triam
191 1492 270 1533 suam
292 1490 399 1551 posse,
417 1472 731 1552 Apollinem-Delphis
750 1476 905 1534 cecinisse.
944 1474 989 1534 llli
1012 1475 1131 1540 arbi-15

85 1567 196 1617 trantes
223 1575 287 1616 eum
319 1558 347 1615 in
373 1557 512 1617 ultionem
538 1559 582 1616 sui
602 1560 706 1615 civium
728 1558 786 1616 lata
815 1558 978 1635 prodidisse
1001 1576 1085 1637 prae-

66 1643 181 1719 'ceptis
196 1658 330 1719 paruere.
375 1640 433 1699 Sed
454 1640 565 1699 oraculi
586 1640 702 1699 diversa
725 1641 867 1701 sententia
887 1641 990 1701 luerat.
1018 1641 1086 1700 Per·
1094 1651 1131 1706 16

85 1726 254 1804 petuitatem
269 1726 343 1782 enisu
357 1723 446 1798 urhis,
462 1741 521 1783 non
536 1724 721 1784 amissionem
735 1723 792 1782 hoc
807 1723 885 1783 lacto
900 1727 1084 1804 promiserat.

84 1807 127 1869 lta
143 1807 225 1867 ducis
241 1807 335 1866 exulis
352 1807 476 1866 oonsilio
492 1815 521 1865 et
543 1807 668 1866 hostium
688 1807 846 1865 ministerio
866 1810 1016 1884 possessio
1033 1807 1086 1867 'la-
1094 1817 1127 1872 17

85 1895 196 1951 rentina
216 1889 376 1951 Partheniis
397 1892 426 1949 in
448 1899 596 1950 aeternum
616 1889 749 1965 lundata,
777 1889 816 1948 oh
845 1891 925 1948 cuius
952 1891 1087 1950 beneficii
1095 1901 1132 1954 18

84 1976 250 2036 memoriam
267 1974 405 2035 Phalanto
422 1974 536 2035 divinos
550 1974 680 2035 honores
695 1973 866 2034 decrevere.
931 2029 936 2037 .

149 2061 178 2118 5.
199 2058 312 2118 laterea
328 2059 481 2134 hiessenii,
499 2077 562 2117 cum
576 2060 682 2117 uirtute
703 2075 762 2117 non
786 2066 921 2135 possent,
944 2075 998 2136 per
1017 2058 1115 2119 insi-l

85 2142 147 2202 dias
170 2145 380 2218 expugnantur.
429 2140 503 2200 Dein
528 2160 592 2201 cum
619 2159 673 2220 per
697 2142 959 2217 annos·octoginta
983 2143 1119 2217 grauiam

85 2225 231 2285 servitutis
254 2222 394 2299 verbera,
425 2224 593 2302 plerumque
617 2233 647 2283 et
666 2224 782 2284 vincula
803 2232 961 2301 ceteraque
982 2232 1085 2322 captae

85 2308 208 2369 civitatis
226 2306 300 2366 mala
317 2308 451 2403 perpessi
469 2316 576 2383 esseut,
595 2316 664 2385 post
675 2307 790 2385 longam
803 2323 961 2386 poenarum
974 2308 1084 2385 patien

84 2395 151 2452 tiam
166 2390 273 2450 bellum
287 2377 460 2450 restaurant.
503 2389 723 2449 lacedaemonii
744 2407 858 2469 quoque
880 2409 916 2450 eo
937 2394 1085 2488 conspira·
1100 2400 1121 2454 3

85 2477 140 2534 tius
155 2475 191 2534 ad
206 2489 283 2535 arma
302 2481 487 2549 concurrunt,
504 2473 580 2573 qarod
597 2474 736 2533 adversus
752 2491 856 2533 servos
871 2474 1070 2534 dimicaturi
1042 2493 1082 2533 vr·

84 2559 232 2623 dabantur.
276 2558 376 2637 ltaque
395 2575 459 2617 cum
482 2556 577 2616 hinc
569 2559 688 2631 ruiuria,
711 2556 778 2615 inde
800 2557 955 2634 indignitas
974 2560 1119 2620 animost

85 2651 213 2716 acueret,
227 2640 447 2700 Lacedaemonii
469 2640 504 2699 de
525 2640 595 2700 belli
610 2649 716 2699 euentu
738 2641 857 2700 oraculo
872 2640 994 2719 Delphis
1015 2659 1083 2701 con·

84 2725 161 2784 sulto
178 2723 310 2782 iubentur
325 2724 426 2782 ducem
442 2723 512 2783 belli
533 2723 568 2783 ab
585 2723 810 2802 Atheniensibus
834 2734 947 2802 petere.
992 2723 1083 2783 Porro
1098 2734 1118 2785 5

84 2806 295 2880 Athenienses,
318 2824 381 2865 cum
401 2823 572 2885 responsum
596 2807 818 2884 cognovissent,
839 2809 868 2866 in
889 2813 1083 2883 contemptum

85 2889 451 2968 SpartanorumTprtaeum
467 2897 583 2968 poetam
595 2889 697 2949 claudo
710 2889 786 2968 pede
798 2891 913 2965 misere,
929 2907 977 2966 qur
971 2886 1082 2946 'trihus
1098 2897 1120 2951 6

84 2972 204 3053 proeliis
221 2971 302 3033 lusus
318 2990 354 3033 eo
371 2989 463 3050 usque
485 2972 698 3052 desperationis
713 2973 873 3071 Spartanos
898 2971 1029 3045 adduxit,
1053 2979 1083 3028 ut

84 3075 188 3117 servos
205 3074 274 3116 suos
289 3057 324 3139 ad
338 3056 567 3156 supplementum
579 3058 726 3117 exercitus
737 3049 966 3116 manumitterent
980 3052 1118 3130 hisque

83 3141 300 3200 interfectorum
316 3140 493 3201 matrimonia
508 3139 734 3218 pollicerentur,
751 3149 781 3199 ut
801 3156 859 3198 non
881 3153 1000 3195 numero
1021 3145 1081 3196 tan·
1097 3144 1117 3200 7

82 3233 141 3284 tum
162 3225 331 3284 amissorum
354 3225 473 3300 civium,
481 3223 549 3282 sed
570 3233 599 3284 et
619 3223 749 3300 dignitati
769 3221 971 3282 succederent.
1023 3219 1117 3282 Sed&

82 3326 172 3383 reges
187 3307 488 3382 Lacedaemoniorum,
504 3324 541 3365 ne
557 3316 658 3368 contra
672 3306 815 3366 fortunam
827 3302 983 3384 pugnaudo
994 3305 1081 3362 maio·

81 3408 114 3450 ra
130 3390 298 3450 detrimenta
315 3392 422 3449 civitati
439 3389 632 3465 infunderent,
649 3388 791 3448 reducere
807 3390 965 3448 exercitum
980 3386 1080 3445 volue-

81 3482 163 3552 runt,
177 3476 206 3532 ni
219 3474 425 3534 intervenisset
441 3472 599 3549 Tyrtaeus,
621 3474 670 3551 qui
686 3475 837 3550 conposita
853 3472 978 3533 carmina
999 3478 1117 3533 exer-9
