2442 3975
157 230 217 293 134
521 238 776 286 nacorrournr
972 228 1153 284 xxiia-7

114 396 335 462 130bsessores
357 392 436 450 urbis
458 408 528 449 suae
551 390 730 450 obsederint.
767 381 905 449 Omnibus
927 391 1014 467 igitur
1028 390 1097 448 forti
1114 407 1153 448 ac
1183 417 1186 420 ·

154 480 234 538 laeto
256 479 349 535 animo
372 475 480 535 bellum
502 474 669 551 ineundum,
693 492 749 551 quo
771 474 879 533 nullum
901 474 978 533 aliud
994 474 1087 550 possit
1102 482 1152 532 aut

156 562 313 640 praemium
336 557 495 618 victoribus
519 556 637 615 uberius
659 567 707 616 aut
727 559 810 623 victis
832 565 1043 616 monumentum
1058 556 1150 615 inlus-

154 643 319 703 triusdare.
951 651 953 655 '

130 741 144 789 l
217 726 246 785 6.
264 726 315 784 llis
331 724 445 803 quidem
462 722 710 782 adhortationibus
725 723 809 781 animi
820 722 937 781 militum
950 720 1150 798 erigebantur,

156 809 209 869 sed
223 807 353 890 terrebat
368 824 421 866 eos
438 807 564 884 portenti
580 806 703 882 religio,
722 806 800 884 quod
814 804 1017 882 navigantibus
1027 803 1083 863 'sol
1099 805 1149 863 de·

129 893 279 955 stererat.
311 889 398 949 Cuius
412 890 455 948 rei
470 890 610 948 rationem
628 906 685 948 nou
697 890 807 948 minore
824 907 891 948 cura
906 907 961 947 rex
973 905 1060 966 quam
1077 886 1150 946 belli

155 975 296 1034 reddebat
319 974 489 1033 adfirmans:
513 973 537 1030 si
560 973 639 1050 prius
661 990 745 1050 quam
767 973 1025 1050 proficiscerentur
1043 970 1150 1029 iactum

155 1066 252 1132 esset,
282 1058 456 1116 crediturum
483 1055 638 1117 adversum
662 1055 850 1133 profecturos
876 1055 1040 1132 prodigium
1062 1071 1148 1111 esse:

155 1158 229 1199 nuno
253 1142 317 1217 quia
341 1141 469 1215 egressis
493 1139 650 1213 acciderit,
664 1138 747 1212 illis,
769 1139 805 1198 ad
821 1156 894 1216 quos
910 1146 1008 1210 eatur,
1031 1145 1149 1213 porten-

129 1224 238 1288 3dere.
261 1223 352 1282 Porro
369 1222 502 1281 deiectus
515 1221 685 1280 naturalium
698 1221 823 1280 siderum
835 1238 953 1298 semper
966 1228 1150 1297 praesentem

155 1325 250 1366 rerum
276 1315 379 1386 statum
399 1314 525 1377 mutare,
555 1313 724 1382 certumque
747 1323 814 1364 esse
837 1302 1007 1363 florentibus
1029 1301 1149 1362 Cartha·

155 1390 327 1466 giniensium
351 1388 453 1465 opibus
477 1387 668 1464 adversisque
696 1388 784 1447 rebus
811 1388 871 1465 suis
898 1387 1150 1446 commutationem

129 1472 322 1549 tsignilicari.
354 1473 402 1530 Sic
424 1471 582 1529 consolatis
601 1470 738 1529 militibus
754 1472 904 1529 universas
920 1487 1010 1529 naves
1027 1485 1149 1528 consen·

156 1557 245 1614 tiente
263 1555 393 1613 exercitu
411 1554 524 1612 incendi
540 1553 635 1628 iubet,
651 1564 682 1612 nt
697 1571 797 1613 onmes
814 1555 923 1613 scirent
938 1552 1045 1630 auxilio
1061 1553 1150 1627 iugae

129 1639 293 1716 oadempto
322 1645 369 1696 aut
395 1635 566 1695 vincendum
593 1646 641 1696 aut
665 1638 844 1716 moriendum
873 1654 951 1696 esse.
986 1637 1061 1695 Dein
1085 1653 1150 1694 cum

157 1723 266 1796 omnia,
295 1737 474 1799 quacumque
496 1720 735 1797 ingrederentur,
761 1728 999 1798 prosternerent,
1028 1717 1150 1778 castella

156 1805 300 1881 villasque
316 1804 514 1879 incenderent,
532 1803 636 1862 obvius
652 1805 679 1863 ei
693 1804 746 1862 init
762 1822 826 1863 cum
838 1802 921 1862 XXX
934 1802 1047 1863 milibus
1060 1817 1149 1879 paga-

130 1899 259 1951 6uorum
281 1888 381 1946 Anno:
414 1886 467 1946 sed
489 1887 602 1965 proelio
625 1889 779 1946 commisso
802 1886 858 1946 duo
878 1887 915 1946 de
935 1885 1060 1959 Siculis,
1095 1885 1150 1943 tria

129 1971 235 2036 tmilia
256 1971 292 2030 de
315 1971 420 2031 Poenis
442 1989 506 2030 cum
527 1971 592 2049 ipso
614 1971 688 2030 duce
711 1971 858 2031 cecidere.
892 1969 953 2028 lla'o
975 1970 1097 2026 victoria
1123 1976 1152 2026 et

129 2054 319 2118 SSioulorum
341 2057 426 2114 animi
448 2056 596 2130 eriguntur
617 2063 646 2113 et
666 2054 830 2114 Poenorum
855 2053 1031 2128 tranguntur.
1069 2050 1151 2126 Aga·
1178 2072 1180 2075 ·

156 2138 271 2197 thocles
287 2139 371 2197 victis
387 2136 519 2196 hostibus
536 2136 624 2197 urbes
643 2139 825 2216 castellaque
841 2142 1005 2213 expugnat,
1022 2133 1151 2211 praedas

130 2222 289 2297 tingentes
311 2223 387 2296 agit,
411 2220 534 2280 hostium
556 2221 645 2280 multa
661 2222 738 2281 milia
754 2221 886 2280 trucidat.
923 2216 1026 2277 Castra
1044 2217 1149 2276 deinde

157 2305 184 2361 in
201 2306 298 2381 quinto
314 2305 410 2381 lapide
427 2303 632 2379 acarthagine
649 2306 764 2379 statuit,
781 2313 811 2363 ut
826 2305 926 2363 damna
940 2303 1152 2361 carissimorum

156 2405 252 2457 rerum
273 2389 492 2465 vastitatemque
514 2404 650 2463 agrorum
667 2398 696 2447 et
711 2388 844 2446 incendia
860 2386 991 2445 villarum
1008 2386 1044 2444 de
1061 2383 1150 2442 muris

116 2482 148 2532 to
159 2470 249 2546 ipsius
265 2466 344 2529 urbis
360 2471 590 2547 specularentur.
619 2470 734 2529 Interea
751 2473 852 2546 ingens
869 2478 928 2528 tota
944 2468 1044 2527 Africa
1060 2467 1151 2526 deleti

159 2548 495 2612 Poenorum-exercitus
524 2553 599 2613 lama
627 2563 893 2632 occupatarumqne
919 2551 1031 2611 urbium
1058 2549 1150 2610 divul-

116 2646 146 2698 ll
159 2643 252 2711 gatur.
274 2638 381 2714 Stupor
396 2638 492 2714 itaque
508 2655 608 2696 omnes
624 2647 653 2697 et
668 2637 816 2697 admiratio
831 2635 1059 2710 incessit,-unde
1071 2642 1151 2692 tanto

156 2721 279 2796 imperio
294 2729 349 2778 tam
365 2718 486 2778 subitum
502 2720 626 2795 bellum,
644 2722 815 2800 praesertim
833 2718 868 2778 ab
883 2719 969 2777 hoste
985 2720 1040 2777 iam
1054 2718 1150 2781 victo:

157 2802 305 2861 admiratio
333 2803 438 2862 deinde
466 2804 602 2881 paulatim
629 2806 657 2862 in
683 2813 877 2881 contemptum
897 2802 1062 2861 Poenorum
1084 2818 1151 2857 ver·

115 2895 148 2947 12
160 2886 236 2945 titur.
274 2885 338 2944 Nec
360 2884 448 2945 multo
467 2896 534 2965 post
550 2905 607 2946 non
622 2886 686 2946 Afri
703 2896 824 2962 tantum,
846 2903 945 2945 verum
962 2887 1047 2944 etiam
1061 2883 1152 2941 urbes

157 2968 355 3028 nobilissimae
383 2971 540 3029 novitatem
573 2980 694 3029 secutae
726 2971 762 3030 ad
788 2968 982 3046 Agathoclem
1006 2966 1152 3025 ‘deiecere

156 3051 360 3130 frumentoque
375 3062 404 3111 et
420 3053 565 3130 stipendio
580 3053 723 3112 victorem
738 3055 911 3112 instruxere.

132 3147 147 3197 1
224 3138 253 3195 7.
276 3135 327 3195 His
342 3136 505 3196 Poenorum
529 3136 611 3195 malis
629 3136 713 3195 etiam
729 3137 842 3196 deletus
858 3137 886 3194 in
901 3132 1001 3193 Sicilia
1020 3149 1083 3190 cum
1100 3133 1151 3190 im·

158 3227 294 3296 peratore
318 3221 464 3279 exercitus
488 3220 569 3279 velut
593 3219 707 3298 quidam
726 3237 925 3278 aerumnarum
947 3216 1077 3275 cumulus
1102 3234 1151 3274 ac-

130 3301 258 3362 toessit.
290 3300 361 3359 Nam
376 3311 443 3380 post
459 3303 672 3382 protectionem
687 3321 703 3362 a
720 3303 818 3362 Sicilia
835 3300 1009 3378 Agathoclis
1024 3302 1052 3358 iu
1072 3297 1151 3356 obsi-

157 3384 242 3441 dione
254 3385 462 3457 Syracusarum
475 3387 564 3445 Poeni
574 3387 727 3462 segniores
740 3385 843 3444 redditi
856 3385 890 3444 ab
899 3380 1049 3443 Mandro
1061 3383 1152 3441 tratre

132 3466 241 3537 aregio
256 3463 428 3539 Agathoclis
451 3470 603 3528 occidione
628 3469 706 3528 oaesi
721 3467 931 3528 nuntiabantur.
967 3466 1069 3545 ltaque
1086 3482 1152 3524 oum
