2442 3975
128 214 134 225 ·
153 194 194 256 48
386 231 395 247 ·
528 205 636 254 ononi
651 202 784 255 nomem
1017 196 1159 266 vtae

120 364 137 420 7
152 359 255 419 moniis
270 358 394 433 inerant,
412 357 591 420 interlicitnr.
622 356 778 418 Pausanias
795 374 929 435 quoque,
946 356 1021 417 alter
1035 357 1093 417 dux
1104 357 1158 418 La·

117 442 416 516 Scedaemoniorum,
434 442 606 518 proditionis
622 450 776 501 accusatus
791 442 821 500 in
844 440 962 500 exilium
985 440 1063 500 abiit.
1099 441 1157 519 lgi-

153 534 199 585 tnr
215 524 345 585 Thebani
361 525 444 602 potiti
459 524 611 584 victoriam
627 525 793 583 universum
816 524 976 585 exercitum
998 525 1033 583 nd
1056 523 1157 584 urbem

152 607 448 668 Lacedaemoniorum
465 607 582 683 ducunt,
598 607 716 667 facilem
732 606 1066 685 expugnationemrati,
1083 625 1156 687 quo·

92 722 95 727 ⁴
120 692 226 755 9niam
240 690 349 750 deserti
364 709 380 750 a
398 691 487 750 sociis
504 689 636 750 omnibns
653 698 743 750 erant.
784 689 870 762 Quod
887 699 1050 750 metuentes
1066 689 1156 751 Lace·

152 773 295 838 daemonii
315 791 417 851 regem
441 791 523 834 suum
538 773 708 851 Agesilaum
730 790 768 832 ex
791 773 879 847 Asia,
902 774 951 852 qni
977 774 1016 833 ibi
1037 792 1157 850 magnas

113 869 148 921 10
155 857 351 934 resgcreour,
368 857 403 916 ad
419 857 621 916 defensionem
636 857 746 934 patriae
763 865 934 922 arcessunt..
960 855 1066 917 Occiso
1081 859 1157 917 enim

112 939 301 1014 llLysandro
324 940 429 1000 nullius
456 940 575 1000 alterius
605 940 738 1000 lidnciam
763 940 845 999 ducis
870 938 1026 999 habebant.
1067 938 1157 1003 Cuius

152 1025 286 1100 quoniam
309 1019 394 1084 serus
417 1014 558 1083 adventius
582 1033 662 1098 erat,
692 1024 861 1100 conscripto
887 1025 1019 1083 exercitu
1040 1023 1157 1084 obviam

109 1106 226 1169 l2hosti
252 1107 424 1184 procedunt.
456 1105 516 1165 Sed
540 1106 624 1166 victis
647 1106 789 1167 adversus
816 1106 904 1183 poulo
932 1116 999 1166 ante
1026 1109 1156 1166 viniones

151 1207 207 1249 nec
226 1192 334 1249 animus
350 1206 446 1268 neque
461 1190 541 1248 vires
555 1206 643 1266 pares
659 1188 763 1249 luere:
787 1190 878 1266 prima
900 1190 997 1268 itaque
1016 1192 1155 1266 congres-

110 1275 233 1335 13sione
249 1272 413 1332 funduntur.
447 1271 563 1332 Deletis
580 1274 635 1331 iam
655 1289 772 1332 snorum
795 1274 888 1350 copiis
909 1274 1080 1352 supervenit
1101 1291 1157 1334 rex

151 1354 326 1431 Agesilaus,
348 1356 398 1432 qni
417 1356 553 1415 restituto
577 1356 692 1434 proelio
719 1373 778 1415 non
803 1355 960 1416 difficulter
986 1358 1098 1416 recenti
1126 1364 1156 1416 et

150 1438 246 1497 multis
263 1436 497 1516 expeditionibus
513 1438 645 1499 indurato
662 1440 752 1499 milite
768 1439 902 1500 hostibus
925 1440 1077 1523 victoriam
1098 1441 1155 1499 eri-

151 1523 227 1599 puit;
244 1522 308 1600 ipse
323 1531 418 1581 tamen
433 1523 562 1598 graviter
578 1524 734 1583 sauciatur.

118 1615 134 1666 l
215 1606 244 1663 5
269 1603 381 1677 Quibus
393 1604 481 1664 rebns
494 1607 620 1682 cognitis
632 1604 829 1666 Athenienses
844 1614 993 1681 verentes,
1004 1624 1041 1665 ne
1051 1607 1154 1665 iterum

149 1685 387 1769 Lacedaemoniis
400 1687 586 1748 victoribus
576 1708 605 1747 ru
620 1689 771 1766 pristinam
787 1699 898 1749 sortem
913 1690 1061 1749 servitutis
1078 1688 1154 1748 redi·

118 1779 136 1830 2
150 1781 299 1846 gerentur,
316 1770 477 1830 exereitum
492 1772 664 1831 contrahunt
681 1789 806 1851 eumque
823 1774 852 1831 in
868 1772 1004 1832 auxilium
1016 1772 1153 1832 Boeotio·

149 1870 212 1912 rum
227 1872 281 1931 per
294 1852 475 1932 Iphicraten,
497 1853 552 1914 XX
572 1853 688 1931 quidem
708 1873 799 1916 annos
822 1865 935 1931 natum,
957 1856 1010 1915 sed
1030 1871 1152 1931 magnae

117 1948 135 2002 3
150 1937 280 1998 indolis
271 1955 414 2012 invenem,
431 1937 497 1999 duci
512 1937 622 1998 iubent.
651 1937 742 1999 Huius
759 1938 956 2001 adulescentis
972 1955 1057 2016 supra
1073 1944 1153 1999 aeta·

117 2030 137 2085 4
150 2030 208 2082 tem
224 2023 315 2082 virtus
330 2020 505 2081 admirabilis
521 2021 589 2084 init:
611 2040 669 2083 neo
684 2040 818 2122 nmquam
832 2031 898 2082 ante
914 2039 978 2081 eum
994 2020 1153 2080 Athenien·

150 2124 199 2165 ses
214 2107 289 2164 inter
303 2113 347 2164 tot
361 2113 516 2183 tantosque
531 2105 624 2165 duces
643 2114 692 2165 aut
707 2108 772 2205 spei
786 2106 902 2165 maioris
917 2114 965 2164 ant
976 2105 1081 2165 indolis
1095 2123 1152 2164 ma·

116 2189 266 2252 cturioris
292 2189 498 2265 imperatorem
520 2187 704 2264 babuerunt,
731 2192 781 2260 io.
787 2206 845 2268 quo
867 2205 925 2247 non
948 2190 1153 2266 imperatoriae

120 2282 137 2335 6
153 2279 270 2346 tantum,
281 2288 382 2330 verum
399 2280 429 2330 et
446 2273 592 2331 oratoriae
610 2282 688 2332 artes
710 2273 804 2332 luere.
840 2270 945 2332 Conon
965 2288 1083 2350 quoque
1105 2288 1152 2330 an·

149 2354 209 2413 dito
226 2353 320 2414 reditu
337 2354 469 2431 Agesilai
485 2362 513 2413 et
528 2356 600 2433 ipse·
615 2374 652 2414 ex
668 2354 739 2416 Asia
759 2356 795 2415 ad
818 2355 1041 2432 depopulandos
1061 2354 1152 2412 Lace-

117 2447 135 2501 7
152 2437 368 2497 daemoniorum
384 2454 473 2514 agros
487 2440 661 2498 revertitur:
678 2447 765 2514 atque
777 2439 816 2496 ita
830 2437 955 2513 undique
970 2435 1042 2495 belli
1054 2434 1152 2495 lormi-

151 2519 218 2579 dine
237 2521 495 2597 circumstrepente
509 2522 600 2581 clausi
616 2521 750 2599 Spartani
764 2519 801 2579 ad
811 2536 952 2578 summam
967 2519 1152 2596 desperatio·

119 2614 213 2668 8nem
230 2605 414 2684 rediguntur,
439 2605 503 2664 ·Sed
521 2603 623 2665 Conon
637 2604 756 2662 vastatis
772 2602 896 2662 hostium
917 2603 1004 2663 terris
1019 2601 1150 2662 Athenas

150 2688 262 2766 pergit,
280 2687 330 2747 ubi
345 2704 450 2763 magno
466 2690 569 2748 civium
586 2687 693 2766 gaudio
710 2695 854 2764 exceptus
869 2687 935 2764 plns
951 2695 1048 2750 tamen
1063 2686 1150 2745 tristi·

149 2773 207 2831 tiae
223 2771 288 2848 ipse
305 2789 342 2830 ex
357 2773 478 2831 incensa
493 2780 522 2831 et
537 2771 637 2831 diruta·
653 2788 670 2830 a
691 2770 929 2831 Lacedaemoniis
956 2771 1050 2849 patria
1070 2786 1152 2847 quam

118 2851 287 2921 olaetitiae'
299 2873 337 2914 ex
352 2864 525 2931 recuperata
541 2864 610 2932 post
625 2863 732 2914 tantum
753 2855 895 2933 temporis
919 2857 1009 2932 oepit.
1052 2851 1151 2928 ltaque

149 2956 224 3016 quae
239 2940 358 2998 incensa
372 2939 496 3016 inerant,
512 2939 684 3015 praedarum
707 2946 820 3014 sumptn
845 2947 875 2996 et
897 2939 1030 2997 exercitu
1050 2933 1151 2994 Persa·

106 3035 211 3086 lorum
226 3023 366 3090 restitnit;
389 3038 464 3100 quae
480 3021 590 3095 diruta,
609 3021 724 3081 reiecit.
761 3019 861 3080 Fatum
882 3020 953 3080 illud
974 3018 1151 3079 Athenarum

148 3105 225 3180 init,·
238 3114 268 3164 ut
284 3114 350 3165 ante
367 3103 495 3164 aPersis
519 3064 666 3164 orerbatae
691 3104 821 3164 manibus
846 3121 964 3190 eorum,
990 3111 1018 3162 et
1039 3118 1151 3160 nunna

148 3149 388 3248 hacbdaemoniis
402 3187 514 3247 dirutae
538 3205 577 3246 cx
598 3188 702 3265 spoliis
718 3167 1014 3248 lacedaemoniorum
1035 3186 1151 3250 restitn-

107 3281 140 3335 ll
151 3280 270 3330 erentur
283 3289 429 3351 versaque
445 3272 510 3330 vice
526 3268 670 3345 haberent
687 3289 763 3330 nnnc
779 3273 889 3346 socios,
910 3287 984 3347 quos
998 3278 1067 3328 tunc
1082 3268 1150 3328 lios·

149 3362 195 3412 tes
210 3353 391 3431 habuerant,
402 3364 432 3413 et
446 3355 548 3414 hostes
563 3371 640 3413 nunc
655 3364 840 3432 paterentur,
864 3372 927 3413 enm
944 3352 1048 3432 quibus
1063 3351 1151 3411 iuncti

149 3443 217 3494 tunc
234 3437 385 3501 artissimis
403 3438 691 3497 societatisvincnlis
704 3437 827 3498 inerant

677 3694 713 3740 ν’
