2442 3975
104 143 258 198 xrrrara
451 151 757 204 mscearnmrc.
1058 118 1136 208 δῖ’

106 306 136 362 in
160 303 286 366 olliciurn
312 323 393 364 suurn
419 323 528 381 aroge
547 304 705 371 subiectos.
742 307 972 371 Tuncnniversi
995 312 1129 377 bentes6

106 404 207 462 regern
218 387 343 447 adeuntz-
354 397 451 462 orant,
467 387 618 465 suppliciis
633 393 693 449 suis
704 392 799 468 potius
813 400 954 456 saturaret
968 413 1001 454 se
1016 413 1099 474 quam

108 472 297 530 contumeliis.
327 470 390 543 Qua
404 471 546 538 modestia
557 472 757 548 obtinuerunt,
774 483 803 540 ut
817 475 948 534 undecim
961 479 1039 537 milia
1049 479 1128 541 rui-'t

106 552 186 611 litum
207 563 409 616 veteranorum
429 562 642 614 exauctoraret.
679 557 739 616 Sed
761 567 790 616 et
811 575 849 616 ex
871 560 970 618 amicis
991 559 1129 624 dimissis

52 648 60 664 ·
107 652 195 694 senes
215 636 417 716 Polypercon,
457 635 567 712 Clitus,
590 637 728 715 Gorgias,
751 639 940 717 Polydamas,
963 639 1100 716 Amadas,

107 718 277 794 Antigenes.
308 719 441 778 Dimissis
457 717 595 780 Crateros
611 725 815 799 praeponitur,
842 724 936 782 iussus
957 735 1126 801 praeessc9

105 799 315 861 Macedonibus
330 803 358 860 in
369 802 512 881 Antipatri
527 801 638 880 locum,
654 805 892 882 Antipatrumque
907 823 970 865 cum
983 806 1099 883 supple·

106 893 204 943 mento
220 885 341 943 tironum
356 886 385 943 in
398 886 494 946 locum
507 886 571 944 sius
588 896 702 947 evocat.
725 888 873 965 Stipendia
887 889 1101 950 revertentibus
1109 901 1145 952 10

107 965 196 1024 veluti
211 966 394 1026 militantibus
411 969 485 1027 data.
675 978 680 985 '
1076 1036 1078 1041 ¹

171 1048 243 1107 Dum
255 1050 328 1110 haec
339 1059 470 1126 aguntur,
481 1070 552 1110 unus
564 1070 602 1110 ex
616 1053 716 1114 amicis
729 1054 791 1114 eins
800 1051 1000 1131 Hephaestion
1013 1053 1141 1116 dece-ll

108 1132 164 1207 dit,
180 1131 294 1191 dotibus
309 1136 401 1210 primo
418 1133 531 1194 formae
547 1137 763 1212 pueritiaeque,
778 1152 846 1194 rnnx
866 1136 1014 1213 obsequiis
1035 1138 1101 1211 regi

108 1232 262 1291 percarus:
290 1234 375 1292 quem
403 1226 502 1276 contra
524 1216 615 1276 decus
641 1221 752 1294 regium
772 1218 940 1278 Alexander
961 1219 1007 1279 diu
1026 1218 1144 1282 luxitlt

107 1297 301 1375 tumulumque
318 1302 345 1358 ci
358 1300 513 1359 duodecim
526 1300 633 1360 milium
648 1302 785 1362 talentum
803 1303 873 1361 lecit
895 1320 1017 1381 eumque
1033 1310 1101 1380 post

107 1390 228 1440 mortem
244 1382 302 1440 coli
318 1392 349 1441 ut
364 1382 447 1441 deum
462 1384 554 1441 iussit.
638 1394 664 1466 ἰ
1001 1431 1004 1438 ,

173 1464 221 1524 13.
245 1463 291 1521 Ab
318 1465 431 1540 ultimis,
450 1464 581 1524 litoribus
603 1468 706 1538 oceani
727 1467 915 1542 Babyloniam
939 1467 1127 1528 revertenti]

108 1546 252 1604 nuntiatur
263 1545 426 1621 legationes
444 1546 724 1623 Carthaginiensium
742 1559 964 1626 ceterarumque
981 1547 1101 1625 Africae

109 1629 279 1702 civitatium,
296 1629 349 1686 sed
365 1638 394 1686 et
410 1628 626 1704 Hispaniarum,
643 1630 777 1705 Siciliae,
793 1630 922 1703 Galliae,
940 1630 1100 1705 Sardiniae,

107 1709 259 1771 nonnullas
274 1726 389 1786 qnoque
406 1729 443 1768 ex
457 1710 539 1770 ltalia
553 1711 706 1770 adventum
721 1715 782 1773 eius
796 1712 945 1788 Babylone
961 1714 1101 1791 opperiri.

107 1796 192 1854 Adeo
205 1795 368 1852 universnm
383 1802 523 1851 terrarum
542 1792 642 1852 orbem
658 1796 778 1852 nominis
799 1798 861 1854 eins
878 1806 972 1855 terror
987 1797 1131 1855 invase-a

109 1887 167 1950 rat,
186 1886 216 1936 ut
236 1885 356 1938 cunctae
371 1875 452 1934 velut
464 1883 570 1951 gentes
584 1876 727 1936 destinato
750 1877 804 1935 sibi
823 1881 887 1953 regi
908 1877 1101 1936 adularentur.

52 2019 56 2026 ,
109 1960 169 2025 Hac
183 1962 270 2036 igitur
282 1977 320 2019 ex
333 1976 418 2019 causa
429 1957 578 2032 Babylona
591 1958 748 2035 festinanti,
764 1960 843 2019 velut
854 1957 1027 2029 conventum
1041 1969 1132 2024 ter-3

109 2061 202 2103 rarum
219 2043 297 2102 orbis
318 2052 434 2118 acturo,
454 2043 570 2120 quidam
591 2052 630 2101 ex
650 2045 742 2118 magis
763 2043 923 2120 praedixit,
943 2061 981 2101 ne
1002 2042 1102 2101 urbem
1171 2071 1174 2075 ·

109 2127 257 2201 introiret,
269 2136 391 2186 testatus
400 2126 476 2184 hunc
490 2125 586 2187 locum
599 2126 626 2183 ei
639 2125 754 2185 fatalem
763 2126 838 2186 iore.
856 2124 900 2184 Ob
910 2125 983 2185 haec
996 2126 1131 2186 omissas

107 2208 258 2284 Babylone
285 2208 317 2269 iu
344 2204 495 2284 Borsipam
527 2208 628 2266 urbem
647 2217 726 2269 trans
747 2207 930 2286 Euphraten,
957 2208 1103 2291 desertam

109 2292 194 2368 olim,
210 2295 366 2352 concessit.
393 2290 436 2350 lbi
453 2292 489 2351 ab
504 2291 679 2351 Anaxarcho
695 2292 872 2369 philosopho
888 2290 1045 2368 conpulsus
1057 2298 1130 2352 esto

33 2401 34 2404 ¹
109 2394 208 2435 rursus
223 2393 371 2451 magorum
386 2375 535 2453 praedicta
551 2383 738 2433 contemnere
753 2383 785 2432 nt
800 2375 873 2434 falsa
889 2384 919 2434 et
935 2377 1046 2434 incerta
1060 2381 1102 2450 et,

110 2461 135 2518 sl
150 2460 215 2518 fatis
238 2466 387 2532 constent,
410 2459 507 2533 ignota
531 2457 699 2520 mortalibus
722 2476 773 2535 ac,
797 2459 822 2515 sl
835 2466 960 2517 naturae
976 2455 1102 2515 debean·

30 2560 34 2565 ·
110 2533 172 2615 tur,
199 2541 393 2601 immutabilia.
421 2540 571 2599 Reversus
593 2542 679 2616 igitur
699 2539 849 2614 Babylona
877 2541 974 2600 multis
998 2538 1132 2602 diebusli

111 2624 170 2682 otio
198 2623 271 2682 datis
296 2626 488 2682 intermissum
507 2623 575 2681 olim
591 2624 754 2682 convivium
770 2623 952 2683 sollemniter
969 2622 1102 2681 instituit:

110 2715 245 2783 totusque
262 2706 290 2762 in
306 2705 441 2764 laetitiam
457 2705 565 2764 effusus
576 2723 639 2774 cum
656 2707 713 2766 diei
726 2715 842 2765 noctem
853 2705 1026 2782 pervigilem
1045 2705 1133 2767 iun-7

101 2790 220 2866 vscisset,
235 2786 421 2845 recedentem
436 2789 491 2846 iam
508 2806 524 2846 e
543 2789 677 2847 convivio
692 2787 806 2848 llledius
824 2787 983 2848 Thessalus
998 2788 1104 2844 instau-

110 2881 173 2931 rata
189 2870 392 2931 comissatione
414 2878 443 2928 et
463 2872 555 2947 ipsum
571 2880 599 2931 et
611 2870 729 2930 sodales
746 2872 808 2929 eius
829 2871 938 2929 invitat.
969 2867 1135 2943 Acceptotl

110 2956 218 3034 poculo
240 2951 334 3012 media
351 2952 473 3029 potione
493 2963 615 3031 repente
630 2954 712 3012 velut
732 2952 793 3012 telo
817 2953 948 3012 confixus
967 2950 1105 3025 ingemuit

111 3039 261 3116 elatusque
288 3034 425 3095 convivio
449 3036 622 3109 semianimis
653 3037 721 3114 [tam
735 3036 869 3112 miselre'
885 3035 1030 3114 cruciatus
1047 3040 1133 3108 est,9
1185 3033 1191 3042 ’

110 3130 140 3180 ut
154 3122 263 3181 ferrum
277 3120 305 3178 in
319 3118 447 3179 remedia
461 3128 601 3196 posceret
616 3128 779 3194 tactumque
795 3116 938 3176 hominum
949 3114 1028 3174 velut
1042 3112 1104 3170 vul·

110 3221 181 3263 nera
195 3202 401 3263 indolesceret
433 3201 526 3260 Amici
543 3219 645 3261 causas
660 3201 753 3259 morbi
768 3198 968 3275 intemperiem
983 3195 1150 3261 ebrieta-lo

111 3286 148 3343 tis
166 3286 438 3345 disseminaverunt:
458 3303 490 3343 re
505 3294 599 3344 autem
617 3301 688 3342 vera
702 3283 823 3361 insidiae
839 3281 970 3357 luerunt,
986 3295 1106 3355 quarum

111 3367 253 3428 infamiam
271 3384 472 3429 successurum
488 3368 617 3445 potentia
631 3365 791 3444 oppressit..
853 3443 857 3450 ,
