2442 3975
140 204 202 269 108
520 219 771 271 uaoe1eouea1
1007 214 1137 271 xviaa

109 372 303 439 6Demetrius
321 390 438 472 quoque
457 391 473 434 a
487 382 530 433 tot
546 375 723 435 exercitibus
740 376 968 452 circumventus,
986 394 1050 437 cum
1066 396 1135 456 pos·

139 465 184 516 set
200 458 321 516 honeste
336 459 423 532 mori,
447 459 568 537 turpiter
583 476 616 516 se
631 458 740 518 dedere
756 459 883 519 Seleuco
898 460 1006 519 maluit.
1070 489 1073 493 ⁴

108 548 125 602 7
199 538 292 598 Finito
308 539 387 600 hello
402 540 585 600 Ptolemaeus
601 558 664 599 cum
679 559 785 640 magna
796 560 892 601 rerum
906 552 1053 630 gestamm
1069 546 1134 620 glo·

137 623 180 680 ria
195 623 323 681 moritur
356 622 384 681 ls
403 626 525 683 contra
516 642 561 683 rus
578 616 704 722 gentium
720 627 835 684 minimo
848 622 915 684 natu'
934 644 972 685 ex
988 625 1054 685 lillis
1067 636 1135 688 anta

138 703 328 765 infirmitatem
344 723 464 790 regnum
484 707 641 766 tradiderat
661 709 782 784 eiusque
804 710 848 767 rei
866 708 977 786 populo
993 711 1133 770 rationem

111 788 318 865 8reddiderat,
342 791 422 848 cuius
440 807 497 848 non
514 792 605 847 minor
624 789 731 849 lavor
722 809 752 849 ιιι
767 792 1139 870 accipiendoquampatris'

109 872 167 932 ltin
183 871 323 930 tradendo
338 889 429 947 regno
445 872 548 932 iuerat.
592 871 671 931 luter
687 882 786 932 cetera
803 875 891 951 patris
909 883 938 933 et
953 874 1003 934 lilii
1018 885 1133 935 mutuae

120 956 252 1030 pietatis
276 955 409 1032 exempla
436 957 521 1015 etiam
542 974 575 1015 ea
598 972 648 1014 res
671 973 799 1016 amorem
820 957 953 1034 populi
944 960 1039 1016 ruveni
1062 975 1131 1017 con·

137 1036 302 1114 cibaverat,
325 1038 402 1114 quod
415 1046 498 1116 pater
510 1056 602 1114 regno
621 1038 739 1116 publice
758 1040 785 1097 ei
802 1039 907 1098 tradito
922 1041 1051 1118 privatus
1067 1041 1131 1100 offi-

137 1120 212 1177 cium
233 1121 297 1197 regi
319 1122 393 1179 inter
415 1121 558 1181 satellites
579 1120 692 1181 iecerat
714 1123 848 1198 omnique
869 1139 961 1226 regno
983 1124 1131 1199 pulchrius

134 1204 216 1277 regis
232 1220 299 1261 esse
315 1211 426 1281 patrem
442 1204 574 1263 duxerat

108 1294 125 1344 1
202 1284 230 1343 3
253 1285 310 1344 Sed
330 1285 614 1360 interbysimacbum
630 1297 659 1346 et
679 1285 799 1362 Pyrrum
819 1306 930 1363 regem,
947 1291 1046 1348 socios
1061 1306 1130 1366 pau·

136 1366 166 1425 lo
187 1374 268 1442 ante,
288 1367 459 1428 adsiduum
451 1378 525 1427 mter
539 1386 626 1446 pares
643 1369 806 1429 discordiae
825 1371 929 1430 malum
945 1372 1053 1432 bellum
1068 1388 1131 1430 mo·

107 1450 229 1509 averet:
269 1448 370 1508 Victor
399 1450 586 1526 Lysimachus
622 1451 713 1528 pulso.
735 1448 828 1525 Pyrro
854 1452 1054 1515 Macedoniam
1078 1471 1130 1514 oc-

108 1541 305 1608 3cupaverat.
350 1531 419 1592 lude
439 1533 580 1594 Thraciae
603 1553 638 1594 ac
665 1535 805 1612 deinceps
833 1535 997 1596 Heracleae
1023 1536 1131 1596 bellum

135 1614 286 1687 intulerat,
309 1617 390 1675 cuius
410 1616 490 1676 urbis
511 1626 541 1676 ct
558 1613 638 1678 thiria
660 1627 689 1677 et
711 1620 808 1677 exitus
825 1617 1010 1680 admirabiles
1030 1620 1128 1680 fuere:

106 1697 243 1775 tquippe
264 1697 395 1758 Boeotiis
416 1700 580 1778 pestilentia
611 1699 809 1761 laborantibus
831 1702 980 1762 oraculum
1005 1702 1130 1780 Delphis

112 1780 349 1864 responderat,
379 1782 560 1842 coloniam
552 1802 580 1842 ιιι
610 1783 693 1842 Ponti
718 1785 841 1860 regione
872 1802 984 1845 sacram
1011 1784 1130 1845 Herculi

81 1859 303 1961 'sconderent
356 1863 426 1924 Cum
450 1876 572 1944 propter
600 1875 705 1925 metum
741 1865 848 1943 longae
878 1885 913 1926 ao
943 1868 1130 1946 periculosae

134 1948 326 2023 navigationis
367 1957 486 2009 mortem
521 1951 549 2008 in
593 1952 685 2027 patria
720 1949 853 2009 omuibus
889 1950 1130 2028 praeoptantibus

106 2039 183 2092 ores
199 2032 306 2090 omissa
321 2041 418 2107 esset,
439 2032 546 2092 bellum
565 2033 611 2092 his
626 2033 794 2092 Phocenses
812 2033 982 2091 intulerunt:
1006 2050 1130 2109 quorum

134 2130 198 2173 oum
231 2114 353 2174 aduersa
380 2116 492 2192 proelia
514 2124 699 2194 paterentur,
722 2118 825 2175 iterato
851 2114 887 2174 ad
908 2115 1056 2175 oraculum
1074 2115 1129 2188 ‚de-

135 2205 267 2266 currunt:
290 2204 465 2275 responsum
485 2198 560 2257 idem
575 2198 646 2257 belli
662 2198 740 2276 quod
762 2199 944 2276 pestilentiae
971 2199 1129 2259 remedium

106 2278 209 2341 tiore.
252 2280 342 2356 lgitur
367 2282 531 2358 conscripta
552 2283 722 2341 colonorum
747 2298 830 2340 mauu
855 2282 883 2339 iu
899 2281 1020 2341 Pontum
1042 2281 1129 2341 delati

104 2426 107 2433 ¹
132 2361 233 2420 urbem
250 2362 422 2423 Heracleam
445 2364 650 2441 condiderunt,
680 2373 710 2423 et
731 2365 865 2441 quoniam
888 2364 1013 2425 latorum
1035 2367 1128 2442 auspi·

134 2445 187 2503 ciis
203 2445 231 2502 in
253 2463 304 2504 eas
326 2447 414 2506 sedes
429 2447 518 2506 delati
533 2458 631 2524 erant,
655 2448 737 2507 brevi
758 2456 891 2524 tempore
913 2463 1033 2524 magnas
1054 2464 1129 2525 opes
1168 2474 1173 2484 ·

106 2536 286 2604 Spararere.
317 2528 404 2590 llulta
419 2530 523 2589 deinde
539 2530 622 2590 buius
639 2530 719 2590 urhis
735 2530 876 2589 adversus
892 2530 1026 2590 finitimos
1041 2528 1129 2605 bella,

132 2610 220 2669 multa
240 2613 324 2670 etiam
341 2613 518 2673 domesticae
542 2614 731 2683 dissensionis
747 2613 821 2673 mala
844 2613 937 2673 luere.
982 2612 1059 2672 Inter
1081 2630 1128 2671 ce·

103 2703 194 2758 9tera
206 2695 357 2770 magnifica
373 2696 421 2756 vel
434 2697 591 2774 praecipue
606 2698 678 2757 illud
692 2695 882 2756 memorabile
896 2696 958 2756 luit.
997 2693 1067 2755 Cum
1083 2713 1128 2755 re·

131 2790 192 2837 tum
202 2779 362 2856 potirentur
373 2779 566 2839 Athenienses
578 2782 721 2858 victisque
736 2779 834 2839 Persis
842 2778 981 2839 Graeciae
998 2788 1028 2839 et
1040 2778 1129 2844 Asiae

131 2861 267 2929 tributum
282 2865 310 2919 ln
322 2862 439 2923 tutelam
452 2863 555 2923 classis
572 2864 807 2941 descripsissem,
823 2861 955 2921 omnibus
972 2863 1077 2940 cupide
1093 2860 1129 2921 ad

132 2945 307 3021 praesidium
329 2945 428 3013 salutis
449 2964 520 3006 suae
548 2943 766 3006 conferentibus
787 2945 843 3004 soli
859 2943 1075 3005 Heracleenses
1090 2942 1128 3002 ob

88 3037 124 3090 10
134 3029 285 3088 amicitiam
304 3046 406 3105 regum
421 3028 605 3089 Persicomm
621 3029 814 3089 conlationem
829 3027 998 3088 abnuerant,
1022 3026 1128 3086 Missus

131 3112 229 3189 itaque
250 3111 286 3170 ab
304 3110 531 3172 Atheniensibus
550 3111 709 3173 Lamachus
731 3129 795 3171 cum
818 3112 951 3171 exercitu
972 3110 1009 3170 ad
1030 3116 1128 3169 extor-

131 3195 274 3270 quendum
289 3195 367 3272 quod
383 3194 553 3271 negabatur,
566 3195 631 3254 dum
642 3196 753 3256 relictis
767 3198 795 3254 iu
810 3195 896 3254 litore
908 3193 1029 3254 navibus
1041 3208 1129 3268 agros

129 3275 370 3338 Heracleensium
386 3278 552 3356 populatur,
575 3279 701 3339 classem
725 3296 790 3337 oum
809 3279 919 3339 maiore
941 3285 1025 3353 parte
1044 3292 1128 3334 exer·

87 3367 120 3419 11
132 3360 207 3417 citus
229 3361 381 3436 naufragio
403 3363 573 3439 repentinae
594 3361 776 3440 tempestatis
800 3363 903 3420 amisit.
948 3359 1050 3436 ltaque
1067 3374 1130 3418 cum

131 3455 226 3514 neque
241 3444 311 3499 mari
326 3453 428 3518 posset
443 3445 556 3503 amissis
571 3444 709 3519 navibus,
728 3461 823 3520 neque
838 3453 917 3503 terra
931 3441 1052 3502 auderet
1067 3458 1129 3529 cum
