2442 3975
111 178 153 238 40
491 182 744 237 nnocrrcnrna
805 238 807 245 Α
834 142 837 148 ’
1000 181 1118 235 .v4.a

79 333 96 389 7
115 326 191 403 capit
205 334 235 384 et
250 325 373 401 imperio
390 325 730 401 Atheniensiumadicit,
748 332 835 403 atque
849 326 889 384 ita
905 327 1003 402 prisca
1019 329 1115 388 navali

113 409 208 485 gloria
222 408 377 482 vindicata,
394 410 507 469 adiecta
526 410 611 469 etiam
630 408 716 468 laude
734 410 882 470 terrestris
897 407 980 484 belli,
997 408 1120 470 deside-1

79 501 192 556 Bratus
206 488 325 550 civibus
347 493 406 550 suis
426 492 554 551 Athenas
577 493 741 552 revertitur.
775 490 827 551 His
848 491 978 550 omnibus
993 492 1117 570 proeliis·

48 572 100 639 ’9
114 575 257 634 ducentae
271 593 361 634 naves
383 575 508 635 bostium
531 585 560 634 et
584 576 692 653 praeda
715 576 817 651 ingens
841 583 936 652 capta.
970 574 1015 634 Ad
1039 575 1115 636 hunc

112 659 259 718 redeuntis
276 660 424 717 exercitus
441 660 611 735 triumphum
628 659 719 718 effusa
732 660 824 716 omnis
836 656 986 719 multitudo
1000 657 1115 718 obviam

61 764 65 769 ·
113 741 246 819 procedit
262 750 291 799 et
306 743 460 804 universos
476 742 590 818 quidem
605 742 721 815 milites,
739 741 899 818 praecipue
923 749 1018 800 tamen
1033 739 1114 800 Alci·

69 836 105 888 10
114 823 219 883 biaden
234 826 365 884 miratur:
381 824 412 894 in
424 825 500 884 hunc
516 826 620 884 oculos
639 825 741 883 civitas
753 825 900 898 universa,
915 825 945 882 in
958 823 1035 883 hunc
1047 842 1110 882 sus·

113 924 203 985 pensa
225 924 276 965 ora
295 909 455 973 convertit;
472 907 548 968 huuc
564 910 647 986 quasi
664 906 700 971 de
720 906 805 966 caelo
821 908 939 965 missum
962 915 992 964 et
1012 914 1043 964 ut
1071 908 1115 983 ip·

70 1003 103 1055 11
115 1007 175 1059 sam
191 989 349 1071 Victoriam
366 1000 551 1059 contuentur3
574 990 689 1051 laudant
705 1007 779 1066 quae
796 1006 850 1067 pro
867 991 976 1068 patria,
994 1006 1049 1048 nec
1064 989 1114 1047 mi-

113 1091 166 1130 nus
182 1072 354 1132 admirantur
370 1091 444 1150 quae
466 1075 534 1133 exul
557 1082 658 1134 contra
679 1073 822 1148 gesserit,
843 1081 1018 1132 excusantes
1039 1073 1115 1151 ipsi:

70 1168 105 1221 12
113 1156 214 1215 iratum
227 1165 475 1232 provocatumque
490 1157 610 1221 fecisse,
635 1156 790 1231 Enimvero
811 1164 918 1215 tautum
934 1157 962 1213 in
978 1171 1034 1213 uno
1050 1156 1114 1214 viro

113 1239 203 1297 luisse
218 1240 365 1313 momenti,
383 1248 414 1298 ut
427 1241 542 1298 maximi
555 1241 670 1317 imperii
685 1238 865 1297 subversiset
884 1256 984 1297 rursus
1001 1239 1115 1321 recepti

112 1330 215 1379 auctor
227 1330 317 1395 esset,
336 1330 365 1380 et
383 1322 457 1381 uude
473 1324 605 1382 stetisset
622 1340 659 1381 eo
677 1340 710 1380 se
727 1324 850 1381 victoria
861 1321 1044 1396 transferret,
1063 1321 1114 1380 lie·

70 1413 217 1479 13retque
234 1422 297 1462 cum
313 1420 349 1462 eo
365 1406 435 1463 mira
452 1405 592 1480 quaedam
607 1406 741 1464 fortunae
757 1405 915 1478 inclinatio.
945 1402 1036 1479 Igitur
1053 1420 1113 1463 orn·

113 1486 196 1545 nibus
211 1503 268 1544 non
284 1487 413 1546 humanis
429 1495 554 1564 tantum,
577 1506 678 1548 verum
699 1497 738 1548 et.
754 1488 857 1548 divinis
876 1505 940 1547 eum
954 1486 1114 1547 honoribus

113 1579 250 1645 onerant,
267 1580 379 1629 certant
393 1588 493 1630 secum
508 1572 582 1648 ipsi,
598 1580 691 1635 utrum
715 1571 951 1633 contumeliosius
974 1587 1039 1628 eum
1064 1587 1113 1627 ex-

70 1651 238 1728 14pulerint
260 1671 296 1711 an
316 1655 521 1725 revocaverint
536 1655 715 1715 honoratius.
749 1654 835 1733 Ipsos
858 1655 900 1714 illi
924 1652 996 1712 deos
1017 1661 1114 1728 gratu-

62 1796 65 1800 ,
112 1734 207 1794 lantes
221 1735 315 1794 tulere
331 1737 463 1811 obviam,
483 1754 603 1814 quorum
629 1738 865 1798 execrationibus
895 1745 957 1796 erat
979 1736 1114 1810 devotus,

70 1831 104 1884 15
114 1828 143 1877 et
158 1820 204 1877 cui
222 1818 309 1896 paulo
325 1830 390 1879 ante
407 1837 519 1878 omnem
536 1820 687 1881 humanam
702 1838 788 1898 opem
801 1820 1018 1892 interdixerant,
1037 1836 1114 1892 eum,

70 1912 105 1967 16
114 1903 137 1960 si
155 1911 277 1978 queant,
299 1905 328 1961 in
349 1903 591 1981 caeloposuisse
615 1907 741 1983 cupiunt.
775 1902 903 1981 Explcnt
921 1901 1113 1960 contumelias

112 1985 290 2062 honoribus,
319 1986 489 2050 detrimenta
514 1987 696 2062 muneribus,
728 1987 932 2046 execrationes
962 1983 1112 2061 precibus.

71 2078 103 2133 17
111 2069 176 2127 Non
190 2070 308 2128 Siciliae
325 2070 383 2132 illis
399 2070 523 2131 adversa
538 2090 634 2149 pugna
651 2073 679 2129 ia
691 2088 742 2128 ore
755 2079 816 2145 est,
833 2070 886 2129 sed
899 2066 1113 2152 Graeciae‘vic·

113 2154 202 2221 toria;
224 2170 282 2211 non
306 2154 418 2213 classes
441 2155 595 2231 perillum
617 2156 759 2229 amissae,
780 2153 833 2222 sed
855 2153 1033 2230 adquisitae;
1058 2168 1114 2211 uec

71 2236 337 2311 lSSvracusarum,
356 2237 409 2296 sed
430 2236 529 2297 Ioniae
549 2237 793 2314 Hellespontique
818 2237 1017 2295 meminerunt.
1063 2235 1113 2292 Sic

112 2317 282 2378 Alcibiades
298 2336 448 2396 numquam
463 2320 661 2380 mediocribus
675 2337 732 2379 nec
752 2322 781 2379 iu
803 2319 915 2394 offensa
937 2336 993 2377 nec
1015 2318 1042 2375 in
1070 2317 1111 2374 fa·

112 2417 185 2459 vore
201 2399 303 2474 studiis
319 2419 435 2461 suorum
452 2413 595 2481 exceptus
612 2412 668 2463 est.

81 2495 96 2547 1
129 2480 132 2484 ’
175 2485 204 2541 5.
226 2482 300 2542 Dum
312 2484 386 2545 haec
397 2496 530 2562 aguntur,
545 2496 574 2547 et
585 2485 852 2547 abacedaemoniia
863 2466 1012 2559 Lvsdnder
1024 2483 1112 2542 classi

113 2565 252 2644 belloque
268 2569 437 2643 praeficitur
453 2578 482 2628 et
498 2571 527 2628 in
545 2570 643 2629 locum
658 2568 818 2629 Tisaiernis
833 2567 947 2630 Dareus
968 2583 1023 2624 rex
1043 2565 1113 2625 Per·

112 2666 206 2708 sarum
221 2649 307 2708 lilium
324 2669 404 2711 suum
422 2650 529 2726 Cyrum
543 2652 641 2712 ioniae
657 2652 824 2730 Lydiaeque
846 2650 1033 2729 praeposuit,
1064 2650 1113 2728 qui

111 2733 356 2793 Lacedaemonios
373 2736 487 2794 auxiliis
509 2734 672 2813 opibusque
696 2735 731 2795 ad
753 2752 835 2812 spem
855 2733 987 2793 fortunae
1005 2732 1112 2810 prioris

80 2825 97 2877 2
113 2818 216 2875 erexit.
254 2816 340 2876 Aucti
356 2819 442 2894 igitur
456 2817 565 2877 viribus
580 2818 761 2877 Alcibiadem
778 2835 851 2892 cum¹
861 2826 975 2876 centum
991 2814 1112 2878 navibus

111 2901 141 2958 in
155 2900 254 2958 Asiam
271 2901 450 2978 profectum,
468 2902 534 2960 dum
552 2918 640 2978 agros
655 2902 742 2976 longa
765 2919 839 2978 pace
860 2899 965 2959 divites
986 2915 1112 2957 securus
1196 2953 1200 2960 .

112 2982 267 3060 populatur
284 2993 314 3043 et
330 2984 458 3063 praedae
473 2984 627 3045 dulcedine
645 2986 708 3054 sine
724 2985 889 3044 insidiarum
900 2990 977 3041 metu
990 2996 1113 3057 sparsos

79 3077 97 3129 3
112 3066 217 3125 milites
230 3066 334 3145 babet,
349 3069 504 3145 repentino
519 3068 645 3127 adventu
666 3084 861 3145 oppressere:
886 3073 1023 3142 tantaque
1045 3081 1112 3123 cae·

112 3148 164 3208 des
183 3148 338 3226 palantium
355 3152 423 3229 fuit,
445 3160 475 3210 ut
496 3151 562 3228 plus
579 3150 707 3210 vulneris
728 3166 765 3209 eo
782 3148 895 3226 proelio
914 3147 1112 3207 Athenienses

78 3240 97 3294 4
111 3233 290 3308 acciperent,
309 3252 394 3313 quam
410 3233 612 3312 superioribus
630 3234 785 3299 dederant;
804 3242 833 3291 et
850 3240 927 3291 tanta
943 3229 1110 3308 desperatio

112 3315 187 3389 apud
203 3314 400 3377 Athenienses
414 3326 495 3392 erat,
511 3326 542 3376 ut
563 3335 602 3375 ex
624 3317 781 3377 continenti
803 3315 984 3376 Alcibiadem
1007 3313 1113 3372 ducem

78 3391 232 3459 aconone
246 3406 399 3475 mutarent,
417 3399 590 3460 arbitrantes
606 3402 702 3460 victos
714 3418 747 3459 se
762 3414 819 3458 non
830 3399 945 3459 fortuna
958 3396 1041 3474 belli,
1057 3395 1110 3456 sed
