2442 3975
91 230 220 285 xlc—u
433 237 736 285 msmrnrmnrrr.
1049 226 1089 290 69

93 391 209 452 Thebas
235 392 392 451 diruerent.
430 389 566 449 Adiciunt
591 399 622 449 et
645 391 790 451 scelernm
811 391 938 468 priorum
963 392 1131 468 fabulas,ll

94 475 196 552 quibus
211 491 313 534 omnes
328 490 452 533 scaenas
468 473 664 550 repleverint,
694 484 724 533 ut
745 490 803 532 non
819 477 971 552 praesenti
982 484 1090 536 tantum

94 557 231 635 perfidia,
257 574 358 615 verum
376 564 406 614 et
420 564 521 614 vetere
537 556 652 615 infamia
670 558 753 616 invisi
768 557 875 616 forent.

153 643 184 701 4.
208 639 288 699 Tunc
311 637 453 714 Cleadas,
474 656 547 698 nnus
569 656 607 698 ex
629 640 768 718 captivis,
798 639 863 699 data
883 649 1030 718 potestate
1049 641 1117 704 dil

93 724 192 782 cendi:
223 740 280 783 non
302 739 409 798 arege
431 739 464 781 se
485 721 649 796 defecisse,
673 739 758 801 quem
782 722 965 783 interiectum
993 724 1089 799 andie-

92 810 164 879 rint,
188 805 240 865 sed
265 822 282 864 a
305 806 385 879 regis
407 804 579 864 heredibus:
608 805 746 885 quidquid
766 807 795 864 in
815 822 852 864 eo
873 807 909 866 sit
925 806 1119 881 admiscens

93 889 287 962 credulitatis,
309 904 367 946 non
391 887 531 965 perfidiae
556 888 670 966 culpam
695 906 779 956 esse;
808 889 888 948 cuius
915 898 1010 949 temen
1036 889 1090 946 ianr

91 987 194 1046 magna
214 988 248 1029 se
274 970 418 1048 supplicia
436 972 614 1048 pependisse
636 972 733 1031 deleta
756 972 920 1031 iuventute:
944 990 1019 1031 nunc
1042 982 1118 1035 sea

91 1063 158 1112 num
172 1052 399 1130 leminarurnque
416 1054 500 1113 sicuti
516 1053 672 1127 infirmnm,
688 1055 727 1113 ita
740 1055 884 1113 innoxium
898 1064 1011 1114 restare
1028 1054 1089 1114 vul·

90 1153 162 1213 gas,
194 1136 272 1213 qnod
292 1137 386 1213 ipsum
401 1137 508 1213 stupris
529 1136 770 1214 contumeliisque
796 1138 834 1197 ita
856 1147 989 1197 vexatum
1010 1155 1089 1213 esse,

91 1228 123 1277 ut
137 1219 206 1278 nihil
223 1220 346 1278 amarius
361 1236 494 1297 umquam
509 1220 565 1279 sint
582 1220 675 1296 passi;
701 1235 757 1279 nec
773 1220 828 1279 iarn
843 1237 897 1298 pro
915 1220 1027 1280 civibus
1044 1230 1119 1296 se,4

93 1303 141 1379 qni
154 1310 212 1361 tarn
231 1303 316 1379 pauci
335 1303 545 1376 remanserint,
569 1318 672 1376 orare,
696 1302 748 1362 sed
763 1318 817 1381 pro
846 1304 963 1362 innoxio
979 1305 1090 1381 patriae

93 1385 158 1444 solo
174 1394 204 1444 et
230 1401 283 1462 pro
309 1384 398 1459 urbe,
422 1402 497 1462 quae
523 1402 580 1445 non
600 1386 682 1444 viros
704 1394 827 1461 tantun,
850 1405 950 1445 verum
967 1396 997 1446 et
1016 1388 1090 1447 deos

92 1468 233 1543 genuerit.
263 1468 377 1527 Privata
393 1469 478 1527 etiarn
492 1486 592 1545 regern
610 1469 817 1547 superstitione
839 1470 1015 1546 deprecatur
1035 1480 1115 1544 get

92 1550 141 1609 niti
159 1549 235 1628 apud
255 1551 335 1627 ipsos
359 1549 509 1624 Herculis,
540 1551 615 1610 unde
635 1552 778 1627 originem
800 1568 873 1627 gens
896 1549 1089 1610 Aeacidarum

3 1632 7 1641 '
92 1633 201 1707 trahat,
226 1642 367 1711 actaeque
393 1632 501 1692 'lhebis
527 1651 544 1692 a
567 1643 651 1711 patre
676 1635 739 1692 eius
766 1632 901 1710 Philippo
927 1634 1087 1710 pueritiae:

92 1725 178 1792 rogat
193 1715 256 1775 urbi
273 1725 388 1793 parcat,
409 1732 484 1794 quae
498 1718 626 1776 maiores
640 1718 702 1775 eius
716 1717 818 1794 partim
835 1715 910 1793 apud
926 1734 960 1776 se
976 1716 1122 1793 genitcsb

93 1799 165 1858 deos
180 1798 298 1872 adoret,
322 1799 426 1876 partim
448 1800 587 1859 educatos
608 1816 736 1859 summae
756 1799 914 1858 maiestatis
937 1816 1026 1874 reges
1046 1801 1088 1856 vi·

92 1882 179 1940 derit:
205 1873 266 1940 Sed
286 1883 432 1958 potentior
452 1881 505 1941 luit
525 1885 567 1941 ira
588 1900 673 1960 quarn
693 1899 810 1960 preces.
839 1880 941 1959 ltaque
957 1880 1026 1940 urbs
1047 1882 1116 1944 ‹ti-7

92 1965 197 2030 ruitur:
231 1966 294 2042 agri
322 1966 396 2025 inter
420 1967 549 2026 victores
568 1965 745 2032 dividunum
777 1964 884 2042 captivi
904 1962 957 2023 sub
980 1973 1118 2028 coronae

91 2048 268 2123 venduntur,
298 2065 419 2125 quorum
448 2050 571 2126 pretium
597 2066 655 2109 uon
681 2066 719 2107 ex
746 2049 899 2108 ementium
924 2049 1087 2124 commodo,

91 2131 145 2190 sed
161 2148 199 2188 ex
212 2131 389 2191 inimicorum
405 2132 472 2191 odio
486 2132 659 2192 extenditur.
686 2130 851 2190 Miseranda
865 2148 914 2190 res
929 2131 1087 2191 Athenien·
1099 2142 1117 2195 9

92 2212 172 2272 sibus
186 2215 263 2274 risa:
295 2215 391 2291 itaque
413 2224 513 2291 portas
533 2203 866 2292 refugiisprclugdrum
886 2224 985 2274 contra
999 2201 1088 2272 intei-

92 2295 198 2356 dictum
211 2297 290 2373 regis
306 2314 460 2375 aperuere.
492 2296 583 2370 Quam
599 2299 714 2356 remita
736 2298 865 2374 graviter
882 2298 946 2357 tulit
960 2297 1131 2361 Alexan-10

92 2378 160 2454 der,
186 2388 217 2439 ut
236 2370 364 2439 secunda
385 2379 532 2457 legatione
554 2380 649 2440 denuo
673 2380 781 2439 bellum
802 2379 1027 2457 deprecantibus
1050 2382 1089 2441 ita

59 2520 63 2526 .
91 2460 204 2521 demum
223 2464 381 2537 remiserit,
403 2472 433 2522 ut
450 2472 582 2522 oratores
598 2472 628 2522 et
648 2462 754 2537 duces,
776 2478 897 2540 quorum
919 2463 1023 2524 iiducia
1045 2473 1088 2523 to.-

91 2545 167 2603 tlens
180 2545 342 2619 rebellent,
365 2545 599 2606 sibi'dedantur:
613 2546 778 2624 paratisque
795 2545 1029 2623 Atheniensibus,
1050 2558 1131 2609 nell
1167 2599 1174 2612 .

93 2637 235 2703 cogantur
259 2628 358 2688 subire
383 2628 507 2705 bellurn,
534 2647 571 2688 eo
598 2647 647 2689 res
672 2629 797 2689 deducta
822 2639 885 2706 est,
916 2640 947 2689 ut
969 2630 1089 2691 retentis

92 2709 258 2769 oratoribus
273 2710 363 2769 duces
380 2713 409 2769 in
424 2712 540 2772 exilium
555 2721 727 2790 agerentur,
759 2713 860 2789 quiex
879 2714 1035 2772 continenti
1050 2712 1086 2771 ad
1100 2721 1131 2773 12

91 2791 218 2850 Dareum
235 2792 362 2868 profecti
376 2809 433 2851 non
455 2796 602 2855 mediocre
618 2804 791 2854 momentum
812 2796 962 2855 Persarum
981 2793 1090 2853 viribus

92 2890 262 2934 accessere.

130 2959 184 3017 ’5.
206 2956 400 3018 Proficiscens
431 2958 466 3018 ad
494 2961 642 3021 Persicum
671 2962 779 3021 bellurn
809 2976 910 3018 omnes
942 2970 1116 3020 novercael

92 3058 163 3101 suae
179 3050 337 3117 cognatos,
363 3058 438 3120 quos
455 3044 604 3123 Philippus
627 3045 655 3103 in
671 3042 865 3123 excelsiorem
881 3042 1026 3118 dignitatis
1047 3041 1089 3100 lo·

67 3141 157 3183 *cum
183 3125 349 3202 provehens
374 3128 503 3205 imperiis
518 3128 733 3204 praefecerat,
754 3125 908 3185 interiecit.
949 3124 1008 3184 Sed
1033 3134 1116 3185 neci

92 3209 168 3282 sois,
190 3209 238 3285 qui
252 3209 312 3286 apti
329 3226 423 3285 regno
444 3210 633 3285 videbantur,
660 3210 813 3289 pepercit,
834 3225 871 3266 ne
895 3224 951 3285 qua
970 3209 1090 3267 materia

92 3290 243 3351 seditionis
258 3291 362 3367 procul
383 3310 417 3351 se
435 3302 541 3371 agente
557 3295 586 3351 in
606 3292 777 3353 Macedonia
800 3299 978 3360 remaneret;
999 3299 1029 3350 et
1043 3300 1119 3353 re·3

90 3390 146 3448 ges
161 3374 367 3452 stipendiarios
385 3377 596 3454 conspectioris
614 3376 721 3452 ingenii
738 3375 774 3435 ad
786 3374 981 3435 commilitium
992 3391 1091 3433 secum
1117 3422 1121 3429 .

91 3456 195 3532 trahit,
212 3458 367 3532 segniores
381 3457 417 3516 ad
433 3459 551 3519 tutelam
560 3459 645 3534 regni
660 3458 805 3536 relinquit.
826 3458 976 3518 Adornato
988 3456 1121 3518 deindel
