2442 3975
73 218 218 276 xxxva.
234 219 347 271 xxxvl
365 221 378 271 1
452 226 547 279 fflsn.
563 229 654 274 anm.
671 227 760 274 urm.
1001 214 1059 277 179
1149 213 1152 217 ’

78 398 188 456 greges
204 378 331 439 desidem
346 380 373 437 in
390 379 473 456 regia
489 377 642 454 tenebant,
660 378 859 439 auxiliantibus
872 378 1060 439 Cretensibus

78 480 211 522 securum
227 480 261 521 ac
276 461 346 521 nihil
362 462 468 537 hostile
485 458 658 522 metuentem
674 461 849 538 adgreditur.
883 462 1089 528 Antiochen-3

76 563 126 604 ses
141 562 259 622 quoque
276 553 406 603 veterem
419 545 507 622 patris
519 545 659 603 offensam
676 546 759 603 novis
776 545 885 603 meritis
902 547 1060 603 correcturi

77 645 111 687 se
130 630 157 686 ei
173 628 301 686 tradunt?
325 625 377 685 sed
394 635 424 686 et
444 627 550 686 milites
567 628 680 704 paterni
698 627 798 687 fauore
814 627 926 686 iuvenis
945 628 1061 685 accensi

48 762 57 777 ,
76 711 184 788 prioris
199 710 372 776 sacramenti
390 710 561 785 religionem
580 710 648 767 novi
668 711 748 787 regis
770 710 924 787 superbiae
946 709 1059 787 praele-

73 802 176 864 rentes
188 795 269 867 signa
286 793 321 850 ad
335 791 510 851 Demetrium
522 792 711 852 transierunt:
729 803 815 870 atquc
830 794 868 851 ita
880 792 1057 866 Alexander,
1071 802 1089 853 l

74 892 135 933 non
152 876 261 937 minore
278 875 383 952 impetu
402 874 535 952 fortunae
552 876 715 934 destructus
738 863 821 953 quam
837 876 945 949 elatus,
968 875 1060 951 primo

76 957 191 1034 proelio
201 960 294 1016 victus
305 957 485 1023 interficitur:
500 957 635 1035 deditque
648 974 758 1035 poenas
770 958 964 1030 etDemctrio,
976 974 1061 1033 quem

76 1040 241 1116 occiderat,
261 1049 290 1098 et
303 1039 468 1115 Antiocho,
488 1041 568 1100 cuius
586 1041 719 1099 mentitus
738 1042 876 1118 originem
894 1040 997 1113 lucrat.

506 1254 749 1272 —.....——....0

378 1392 585 1577 {unua
611 1420 808 1551 'xxxva
921 1484 928 1497 ·

141 1695 167 1751 1.
193 1657 381 1769 Reciperato
399 1698 520 1770 paterno
535 1710 626 1769 regno
642 1692 823 1768 Demetrius,
843 1703 871 1752 ct
889 1695 952 1771 ipse
967 1676 1088 1756 rerum'l

75 1792 217 1836 successu
236 1784 408 1852 corruptus,
423 1778 498 1835 titiis
517 1776 734 1836 adulescentiae
748 1778 776 1834 in
791 1778 940 1852 segnitiam
958 1777 1062 1836 labitur

74 1868 242 1937 tantumque
258 1867 453 1934 contemptum
466 1859 541 1937 apud
557 1876 657 1918 omnes
673 1860 804 1933 inertiae,
821 1868 954 1936 quantum
967 1859 1060 1918 odium

76 1961 114 2003 ex
130 1941 266 2019 superbia
279 1949 361 2018 pater
373 1940 700 2018 habuerat,·contraxit.
726 1941 825 2019 ltaque
842 1959 905 2002 oum
920 1941 956 2001 ab
971 1942 1089 2019 impe-2

75 2028 119 2085 rio
138 2027 200 2084 eius
214 2026 319 2102 passim
336 2026 468 2085 civitates
487 2025 663 2099 delicerent,
679 2015 715 2084 ad
730 2025 901 2083 abolendam
920 2026 1061 2101 segnitiae

74 2108 213 2168 maculam
231 2107 338 2166 bellum
354 2107 465 2167 Parthis
481 2109 590 2167 inferre
606 2101 725 2168 statdits
738 2110 818 2167 ouius
835 2108 987 2168 adventum
1002 2118 1088 2170 nont

74 2192 153 2250 inviti
169 2192 288 2249 orientis
305 2190 405 2268 populi
419 2191 519 2250 videre
532 2200 561 2250 et
575 2200 697 2267 propter
713 2190 882 2267 Arsacidae,
898 2191 977 2266 regis
994 2190 1060 2249 Par·

75 2275 203 2349 tlrorum,
223 2272 420 2334 crudelitatem
438 2284 467 2332 et
483 2272 665 2351 quod'veteri
677 2273 866 2333 Macedonum
882 2274 1001 2351 imperio
1013 2273 1060 2331 ad·

74 2359 150 2420 aucti
167 2359 238 2422 ,novi
258 2357 358 2433 populi
376 2357 538 2434 superbiam
561 2357 677 2433 indigne
697 2356 839 2416 terebant.
878 2354 978 2433 ltaque
997 2366 1090 2417 cumt
1135 2362 1137 2365 ⁴

75 2450 105 2500 et
122 2440 272 2501 Persarum
291 2449 320 2499 et
341 2438 544 2514 Elymaeorum
559 2440 833 2517 Bactrianorumque
855 2439 966 2498 auxiliis
984 2439 1060 2498 iuva·

75 2534 171 2598 retur,
194 2523 291 2583 multis
313 2522 434 2601 proeliis
452 2523 574 2583 Parthos
592 2524 673 2582 ludit.
710 2522 754 2581 Ad
777 2530 953 2598 postremum
968 2530 1090 2581 tament

71 2609 157 2685 pacis
173 2607 352 2666 simulatione
371 2607 513 2683 deceptus
532 2608 644 2683 capitur
661 2606 865 2683 traductusque
882 2623 935 2682 per
953 2621 1004 2663 ora
1022 2606 1060 2662 ci·

75 2690 202 2747 vitatium
215 2689 347 2764 populis,
366 2692 414 2766 qui
426 2689 626 2763 desciverant,
643 2690 670 2747 in
681 2688 830 2747 ludibrium
841 2688 949 2747 lavaris
964 2696 1060 2745 osten·

75 2772 160 2831 ditur.
192 2769 297 2829 Missus
314 2771 418 2830 deinde
435 2774 462 2829 iu
479 2772 651 2846 Hyrcaniam
672 2771 797 2847 henigne
817 2781 845 2829 et
860 2772 937 2829 iuxta
954 2768 1089 2830 cultumd

74 2854 214 2933 pristinae
232 2852 364 2912 fortunae
386 2853 517 2913 habetur.
551 2854 626 2912 Dum
646 2854 719 2913 baec
745 2862 881 2929 aguntur,
904 2852 1013 2909 interim
1035 2851 1088 2912 ini

74 2938 158 3011 Syria
176 2935 312 3013 Trypho,
330 2937 378 3013 qui
394 2955 427 2995 se
441 2946 565 2996 tutorem
580 2936 745 3010 Antiocho,
761 2935 900 2994 Demetrii
917 2934 1061 3010 privigno,

73 3020 207 3082 substitui
225 3038 241 3079 a
265 3019 374 3097 populo
394 3018 595 3093 laboraverat,
619 3021 719 3077 occiso
740 3018 850 3095 pupillo
869 3033 988 3091 regnum
1009 3016 1061 3088 Sy·

71 3105 135 3166 riae
150 3103 265 3162 invadit.
294 3100 359 3174 Quo
375 3101 423 3160 diu
439 3103 546 3178 potitus
560 3102 675 3161 tandem
693 3101 883 3159 exolescente
899 3100 1001 3158 lavore
1016 3117 1060 3157 re·
1073 3106 1091 3160 8

74 3189 167 3246 centis
179 3186 292 3263 imperii
307 3184 343 3244 ab
356 3184 501 3244 Antiocho
515 3201 607 3263 puero
625 3183 791 3257 admodum,
804 3182 944 3241 Demetrii
961 3183 1061 3255 fratre,

74 3272 122 3346 qui
146 3270 174 3327 iu
198 3268 269 3327 Asia
289 3266 480 3343 educabatur,
505 3268 584 3327 bello
608 3267 745 3347 vincitur,
767 3283 924 3343 rursusque
945 3282 1063 3340 regnum

78 3353 182 3426 Syriae
207 3351 242 3413 ad
268 3350 400 3412 subolem
418 3350 558 3410 Demetrii
578 3351 743 3410 revertitur.
784 3347 873 3423 lgitur
890 3346 1090 3418 Antiocheae

71 3451 185 3511 memor
206 3432 283 3511 quod
306 3441 335 3492 et
359 3441 443 3510 pater
466 3441 588 3510 propter
605 3430 770 3508 superbiam
790 3431 902 3569 iuvqsg'q=
922 3438 951 3487 et
974 3428 1064 3487 irater
