2442 3975
146 247 186 308 82
488 257 596 304 ancer
619 256 749 303 romani
999 255 1051 303 xri
1066 254 1091 306 5.
1110 247 1127 300 o

103 410 242 486 lecytus
263 409 440 470 condiderat.
478 410 512 469 ln
531 381 690 468 Bactrianis
712 427 827 488 quoque
846 409 1056 488 Sogdianisque
1071 397 1147 467 xlt‘

149 493 236 552 urbes
251 492 397 568 condidit,
413 492 573 564 distributis
589 491 652 567 his,
668 509 863 570 quoscumque
880 495 910 551 in
922 494 1053 551 exercitu
1065 489 1128 551 sedi

148 577 241 636 tiosos
259 573 394 646 habehat.
765 630 768 636 .

111 664 128 714 1
205 653 235 711 6.
258 651 309 711 llis
332 655 372 712 ita
387 655 478 729 gestis
494 655 628 714 sollemni
643 655 689 714 die
707 657 817 714 amicos
836 657 864 713 in
885 656 1047 714 convivium
1066 671 1133 713 cou-

109 743 245 795 avocat:
288 734 337 794 ubi
360 744 422 799 orta
443 738 517 795 inter
544 738 642 796 ebrios
669 756 804 796 reruma
830 738 964 817 Philippo
988 747 1135 813 gestarum

140 818 285 877 mentione
300 820 450 897 praeferre
466 838 498 879 se
519 822 673 898 patriipse
689 829 842 899 rerumque
862 839 976 880 suarum
994 822 1133 897 maguitu-
1203 879 1207 894 ,

140 901 236 960 dinem
250 902 396 963 extollere
412 903 592 963 coelotenus
608 905 705 981 eoepit
725 904 893 962 adsentante
908 906 1017 963 maiore
1036 905 1133 963 convi-

111 993 239 1047 3varum
260 993 353 1061 parte.
393 984 493 1064 ltaque
514 1004 577 1045 cum
599 1004 671 1044 unus
689 1005 705 1045 e
728 986 860 1060 senibus,
892 985 1013 1067 Clitos,
1029 986 1134 1045 fiducia

140 1067 414 1146 amicitiaerregiae,
432 1071 512 1128 cuius
527 1069 648 1147 palmam
670 1069 802 1143 tenebat,
822 1071 987 1128 memoriam
1008 1070 1135 1146 Philippi

140 1149 472 1227 tueretur'laudaretque
485 1152 547 1209 eiu's
563 1170 611 1210 res
628 1160 743 1227 gestas,
756 1151 829 1211 adeo
845 1169 944 1227 regem
956 1152 1086 1225 offendit,
1103 1160 1135 1209 ut

113 1230 203 1292 4telo
222 1232 379 1290 asaleldte
395 1241 479 1308 rapto
502 1234 623 1292 eundem
641 1236 669 1292 in
687 1235 820 1312 convivio
843 1234 1037 1306 trucidaverit.
1070 1232 1135 1306 Qua

142 1311 234 1370 caede
247 1312 377 1370 exultans
388 1322 500 1371 mortuo
513 1316 700 1390 patrocinium
712 1316 835 1393 Philippi
852 1315 1022 1391 laudemque
1035 1325 1135 1392 pater·
1207 1379 1209 1382 .

112 1405 196 1457 snae
210 1393 327 1451 militiae
343 1393 516 1454 obiectabat.
533 1395 686 1473 Postquam
701 1399 819 1457 satiatus
828 1399 922 1459 caede
939 1399 1047 1459 animus
1064 1418 1132 1460 con-

142 1474 251 1552 quievit
266 1483 295 1532 et
311 1476 339 1532 in
359 1476 419 1535 irae
443 1477 538 1537 locum
559 1482 701 1538 successit
721 1484 896 1559 aestimatio,
918 1484 1005 1544 modo
1030 1503 1132 1563 perso·

140 1573 204 1615 nam
217 1556 325 1632 occisi,
340 1558 425 1617 modo
439 1576 553 1621 causam
567 1562 719 1624 occidendi
735 1565 936 1642 considerans,
952 1570 1054 1645 pigere
1068 1585 1133 1626 eum

95 1638 209 1717 xtifacti
230 1641 342 1717 coepit:
367 1643 475 1719 quippe
490 1652 626 1721 paternas
641 1645 741 1705 laudes
755 1657 811 1707 tam
826 1649 961 1709 iracunde
977 1653 1132 1728 accepisse

141 1738 174 1778 se
192 1737 276 1797 quam
299 1739 355 1780 nec
376 1726 500 1784 convitia
521 1726 682 1804 debuissem
712 1730 889 1810 amicumque
910 1751 1009 1792 senem
1032 1743 1061 1791 et
1090 1735 1131 1791 in·

87 1855 95 1868 ,
111 1804 254 1866 inoxium
272 1822 288 1862 a
303 1822 336 1863 se
353 1807 481 1866 occisum
499 1809 573 1882 inter
588 1812 690 1888 epulas
706 1822 734 1871 et
749 1815 855 1890 pocula
871 1816 997 1892 lugebat.
1020 1815 1132 1875 Eodem

139 1886 226 1961 igitur
247 1885 347 1946 lurore
372 1889 401 1946 in
428 1893 630 1966 paenitentiam
657 1913 714 1972 quo
741 1897 851 1973 pridem
873 1899 901 1956 in
926 1901 995 1958 iram
1027 1917 1132 1957 versus

112 1968 214 2031 emori
231 1968 331 2028 voluit.
359 1969 480 2033 Primum
495 1976 523 2033 in
537 1974 621 2036 fletus
639 1996 814 2056 progressus
830 1981 965 2060 amplecti
980 1993 1130 2057 mortuum,

138 2050 258 2110 vulnera
273 2060 413 2129 tractare,
431 2060 513 2133 quasi
529 2059 654 2119 audienti
672 2062 801 2121 contiteri
816 2064 1002 2132 dementiam;
1031 2075 1144 2143 arrepa

138 2141 196 2191 tum
224 2133 311 2192 telum
335 2136 364 2193 in
385 2155 418 2195 se
445 2143 531 2200 vertit
562 2146 786 2222 peregissetque
813 2147 939 2224 lacinus,
965 2151 1020 2208 nisi
1048 2150 1132 2209 antici

109 2215 369 2277 9intervenissent.
396 2218 500 2280 lllansit
514 2223 588 2283 haec
605 2226 737 2285 voluntas
752 2230 891 2288 moriendi
906 2232 991 2291 etiam
1007 2249 1130 2311 sequen·

97 2296 212 2359 lctibus
235 2296 344 2357 diebus.
378 2300 556 2374 Accesserat
574 2309 648 2366 enim
669 2312 861 2386 paenitentiae
878 2316 996 2374 nutricis
1012 2332 1081 2376 suae
1101 2327 1131 2377 et

119 2415 124 2425 ·
139 2380 249 2438 sororis
262 2378 328 2439 Cliti
339 2384 520 2460 recordatio,
537 2391 617 2448 cuius
634 2392 760 2451 absentis
772 2412 836 2452 eum
851 2399 972 2456 maxime
988 2399 1129 2475 pudebat:

96 2472 129 2522 ll
138 2469 194 2519 tam
209 2460 323 2521 foedam
339 2463 382 2522 illi
397 2466 595 2529 alimentorum
606 2491 723 2534 snorum
737 2478 901 2538 mercedem
916 2481 1072 2556 redditam,
1087 2492 1129 2556 ut,

86 2588 90 2596 .
136 2544 166 2601 in
186 2544 266 2601 euius
283 2546 411 2605 manibus
425 2552 575 2627 pueritiam
587 2565 703 2633 egerat,
718 2557 783 2617 huic
797 2561 907 2619 iuvenis
922 2572 952 2622 et
966 2566 1060 2623 victor
1075 2582 1129 2641 pro

93 2623 286 2688 libeneliciis
306 2627 407 2689 funera
427 2635 597 2695 remitteret.
628 2638 789 2715 llepntabat
804 2642 925 2718 deinde,
949 2649 1129 2723 quantumin

137 2709 269 2768 exercitu
281 2728 350 2785 suo,
368 2723 502 2789 quantum
517 2719 592 2794 apud
609 2720 738 2781 devictas
754 2734 855 2800 gentes
866 2727 1025 2788 fabularum
1042 2740 1127 2808 atque

134 2791 274 2867 invidiae,
298 2803 430 2871 quantum
444 2799 519 2874 apud
539 2808 655 2862 ceteros
672 2805 780 2865 amicos
796 2817 900 2868 metum
921 2812 1061 2871 etodium
1083 2814 1128 2873 sui

93 2874 252 2953 refecerit,
284 2892 368 2953 qnam
387 2895 510 2939 amarum
530 2892 559 2951 et
578 2886 661 2944 triste
677 2887 835 2950 reddiderit
851 2895 1012 2954 convivium
1034 2915 1127 2971 snum,

91 2967 190 3019 ltnon
206 2966 330 3017 armatus
347 2960 375 3018 in
390 2962 453 3038 acie
468 2981 552 3041 quam
573 2967 602 3025 in
618 2970 750 3029 convivio
766 2973 932 3033 terribilior.
964 2976 1044 3036 'l'unc
1058 2978 1127 3037 Par-

131 3040 290 3113 premonet
304 3041 446 3119 Philotas,
463 3054 531 3107 tunc
541 3048 679 3124 Amyntas
693 3055 897 3130 consobrinus,
916 3066 984 3118 tunc
997 3072 1128 3121 noverca

132 3123 239 3182 fratres
262 3142 298 3182 ue
319 3126 480 3203 interiecti,
502 3138 570 3191 tune
591 3132 721 3212 Attalus,
750 3136 948 3217 Eurylochus,
970 3141 1126 3205 Pausanias

89 3214 124 3268 15
133 3204 240 3282 aliique
284 3207 441 3269 academiae
463 3215 581 3274 extincti
602 3219 749 3297 principes
764 3234 962 3285 occurrerunt.
994 3227 1036 3286 Ob
1052 3227 1128 3287 haec

130 3287 173 3346 illi
188 3286 345 3364 quadriduo
358 3305 546 3370 perseverato
558 3298 651 3360 inedia
667 3310 719 3377 est,
732 3302 826 3364 donec
838 3311 985 3370 exercitus
999 3311 1128 3370 universi·

131 3368 421 3443 precibusaxoratus
437 3386 499 3453 est,
520 3387 666 3465 precantis
687 3403 724 3443 ne
741 3389 779 3446 ita
795 3401 888 3451 morte
911 3395 994 3454 unins
1016 3394 1124 3470 doleat,

86 3456 162 3511 lent
182 3451 332 3511 universos
354 3457 473 3535 perdat,
499 3479 572 3538 quos
594 3466 622 3525 in
643 3467 768 3527 ultimam
796 3472 938 3536 deductos
962 3476 1126 3538 barbariam
