2442 3975
70 206 244 262 xx1111-3
416 214 508 262 uror
521 213 615 262 omn
629 214 720 264 sorr.
1010 210 1067 273 131

71 370 197 431 tissimm
219 377 298 429 erat:
321 385 387 427 nam
408 377 439 427 et
460 384 544 427 manu
563 376 699 427 strennus
715 378 744 428 et
760 370 789 427 in
805 373 987 436 contionibus
1002 394 1069 455 per·
1095 390 1113 445 9

70 453 211 514 tacendus
233 451 404 512 habebatur.
442 449 551 509 Brevi
542 461 640 529 itaque
657 455 788 512 centurio
804 472 840 513 ac
857 455 1004 535 deinceps
1013 462 1062 520 tri·
1079 470 1111 521 10

70 537 162 596 bunos
183 536 302 595 militum
323 533 419 593 lactus
445 543 500 592 est.
537 534 633 596 Primo
653 536 732 595 bello
758 538 898 597 adversos
917 539 1066 603 Aetnaeos
1078 557 1111 609 11

69 637 172 696 magna
188 620 388 696 experimenta
407 635 451 675 sur
444 618 656 691 Syracusanis
676 620 763 679 dedit.
782 623 931 699 Sequenti·
944 620 1065 703 Campa·
1078 637 1112 690 12

70 719 172 762 norum
195 710 299 761 tantam
321 701 357 759 de
382 719 415 759 se
436 718 519 778 spem
541 702 672 763 omnibus
694 705 781 779 fecit,
810 714 841 763 ut
861 707 890 763 in
907 705 1003 766 locum
1019 709 1068 767 de·

68 785 173 844 mortui
198 784 279 843 ducis
300 783 490 864 Damasconis
512 785 714 846 sufficeretur:
743 788 825 846 cuius
842 805 964 847 uxorem
987 791 1112 855 adul-13

69 870 143 940 terio
159 869 304 944 cognitam
317 876 384 945 post
396 878 517 928 mortem
528 870 582 927 viri
592 870 620 927 in
631 872 839 930 matrimonium
850 874 975 950 recepit.
1001 871 1066 933 Nec
1078 884 1112 937 14

70 960 241 1025 contentus,
263 951 340 1028 quod
358 968 395 1009 ex
412 952 500 1029 inope
518 961 644 1030 repente
659 954 742 1013 dives
757 955 970 1032 tactusvesset,
992 958 1068 1034 pira·

69 1036 156 1096 ticam
172 1034 313 1093 adversus
331 1036 451 1110 patriam
469 1036 611 1094 exercuit.
649 1037 740 1096 Saluti
760 1039 787 1096 ei
804 1038 874 1115 fuit,
894 1039 970 1115 quod
989 1041 1063 1099 socii
1077 1052 1111 1103 15

70 1119 148 1197 capti
170 1120 297 1194 tortique
316 1116 353 1176 de
377 1117 429 1177 illo
453 1129 645 1195 negaverunt.
679 1120 728 1179 Bis
753 1139 899 1199 occupare
915 1123 1064 1200 imperium
1078 1133 1111 1187 16

70 1202 281 1276 Syracusarum
296 1202 404 1278 voluit,
425 1201 471 1261 bis
489 1203 518 1260 in
535 1203 653 1262 exilium
670 1213 752 1263 actus
771 1214 825 1264 est.

78 1305 85 1318 =
129 1284 158 1342 2.
182 1283 428 1361 Allurgantinis,
451 1285 526 1364 apud
548 1303 623 1364 quos
645 1288 797 1363 exulabat,
822 1288 889 1348 odio
907 1291 1094 1363 Syracusa-1

68 1385 168 1427 norum
187 1370 280 1446 primo
293 1377 422 1445 praetor,
436 1387 506 1429 mox
519 1370 576 1429 dux
589 1381 714 1431 creatur.
740 1370 772 1431 ln
785 1389 821 1430 eo
833 1371 914 1431 bello
927 1382 957 1431 et
968 1370 1095 1433 urbemn

68 1451 270 1511 Leontinorum
283 1453 360 1530 capit
372 1461 401 1514 et
412 1454 533 1529 patriam
545 1471 624 1513 suam
633 1454 945 1529 Syracusas'ohsidere
958 1458 1067 1533 coepit,

69 1536 105 1595 ad
122 1536 202 1594 cuius
218 1535 354 1594 auxilium
369 1535 514 1609 Amilcar,
530 1537 588 1595 dun
603 1537 783 1613 Poenorum,
799 1538 959 1614 inploratur
975 1536 1095 1614 depo-3
1165 1540 1173 1553 ’

63 1619 130 1676 sitis
149 1617 301 1676 hostilibus
318 1618 393 1676 odiis
408 1618 553 1694 praesidia
565 1618 683 1677 militum
695 1620 789 1678 mittit.
827 1618 868 1678 lta
880 1635 937 1678 uno
951 1619 1098 1681 eodem-4

69 1718 126 1779 que
143 1708 277 1777 tempore
290 1701 456 1773 Syracusae
473 1709 501 1757 et
520 1699 555 1758 ah
566 1701 660 1759 ‘hoste
677 1702 756 1760 civili
772 1718 871 1761 amore
883 1702 1024 1762 defensae
1037 1711 1068 1761 et

69 1802 85 1842 a
106 1785 170 1842 cive
188 1782 287 1842 hostili
314 1782 382 1852 odjo
403 1784 577 1859 inpugnatae
603 1793 677 1843 sunt.
716 1784 775 1844 Sed
794 1784 975 1861 Agathocles
996 1796 1093 1846 cumo

67 1867 183 1926 videret
198 1866 301 1924 lortius
319 1863 436 1925 defendi
454 1865 554 1924 urbem
568 1863 654 1943 quam
669 1871 847 1945 oppugnari,
866 1867 1002 1945 precihus
1015 1884 1068 1944 per

68 1951 258 2010 internuntios
280 1947 456 2008 Amilcarem
475 1957 592 2026 exorat,
617 1958 647 2009 ut
668 1951 743 2009 inter
764 1968 797 2010 se
821 1960 850 2010 et
865 1951 1067 2025 Syracusanos

68 2035 151 2113 pacis
170 2033 289 2093 arbitria
306 2033 462 2109 suscipiat,
481 2032 640 2110 peculiaria
651 2035 678 2092 in
691 2035 784 2111 ipsum
798 2034 894 2093 officia
908 2034 951 2092 sui
962 2049 1066 2111 repro·
1117 2102 1122 2112 Ι

68 2119 195 2177 mittens
212 2115 293 2189 'Qua
312 2134 366 2193 spe
385 2116 511 2194 inpletus
524 2115 654 2176 Amilcar
669 2119 840 2176 societatem
857 2134 921 2175 cum
938 2133 974 2175 eo
990 2125 1094 2180 metati

69 2202 133 2260 eius
151 2200 300 2278 potentiae
319 2200 436 2275 iungit,
443 2208 473 2258 ut
491 2208 626 2276 quantum
642 2201 743 2258 virium
758 2199 914 2275 Agathocli
925 2200 1084 2258 adversus

69 2286 315 2362 Syracusanos0
287 2282 432 2358 dedisset,
447 2292 554 2342 tantum
571 2282 635 2360 ipso
652 2283 707 2342 ad
699 2292 876 2361 incrementa
888 2282 1067 2342 domesticae

69 2369 218 2446 potentiae
233 2365 422 2444 reciperarat.
450 2364 539 2441 lgitur
554 2381 613 2423 non
630 2383 687 2444 pax
705 2376 810 2425 tantum
821 2350 978 2442 Agathocli
997 2375 1092 2430 con-t

71 2451 199 2525 cibatur,
223 2467 323 2508 verum
346 2450 430 2508 etiam
453 2456 572 2525 praetor
586 2448 739 2522 Syracusis
762 2450 951 2509 constituitur
984 2386 1113 2513 Τιιιιιὸ.

70 2533 208 2593 Amilcari
231 2533 378 2613 expogitis
397 2531 558 2607 insignibus
576 2530 695 2591 Cereris
715 2535 858 2610 tactisque
879 2535 907 2592 in
925 2532 1066 2610 ohsetpria

70 2617 233 2676 Poenorum
249 2617 330 2690 iurat.
363 2614 476 2674 Deinde
495 2617 626 2692 acceptis
647 2614 682 2675 ab
698 2633 734 2675 eo
749 2616 776 2674 V
793 2615 908 2675 milibus
926 2615 1092 2674 Afrorumtt

71 2700 288 2778 potentissimos
316 2714 449 2776 quosque
479 2716 516 2756 ex
543 2698 721 2776 principibus
747 2699 881 2758 interlicit
913 2706 999 2775 atque
1025 2698 1109 2758 italo

70 2781 160 2841 uoluti
182 2782 226 2838 rei
251 2779 384 2857 publicae
409 2789 511 2840 statum
535 2782 709 2841 formaturus
725 2782 861 2880 populum
878 2782 906 2839 in
924 2779 1066 2837 theatrum

71 2864 107 2925 ad
138 2865 301 2922 contionem
326 2863 426 2922 vocari
454 2863 534 2922 iubet
554 2873 704 2925 contracto
729 2867 757 2924 in
779 2863 929 2959 gymnasio
952 2868 1065 2933 senatu,

71 2949 154 3047 quasi
177 2946 319 3028 quaedam
341 2947 422 3023 prius
444 2946 636 3006 ordinaturos.
673 2949 722 3007 Sic
742 2946 900 3023 conpositis
916 2942 1031 3002 rebus
1022 2959 1062 2999 ιιι-
1075 2953 1106 3002 11

70 3032 166 3090 missis
186 3018 322 3089 militibus
347 3029 484 3107 populum
506 3029 638 3105 obsidet,
668 3040 795 3089 senatum
817 3025 954 3098 trucidat,
982 3042 1063 3083 curus
1074 3033 1108 3086 12

71 3125 189 3193 peracta
206 3113 295 3172 caede
312 3132 349 3173 ex
366 3112 455 3191 plebe
473 3131 590 3192 quoque
605 3112 852 3229 locupletissimos
867 3117 896 3166 et
911 3108 1065 3185 promptis-

73 3214 161 3256 simos
176 3197 321 3255 interficit
386 3206 389 3210 ’

137 3279 165 3340 3.
192 3278 241 3338 Ηίι
265 3281 303 3338 ita
325 3280 417 3354 gestis
437 3278 553 3337 militem
569 3278 643 3354 legit
659 3278 876 3352 exercitumque
894 3271 1091 3345 conscribit,1

74 3379 132 3439 quo
153 3363 309 3421 instructus
332 3362 464 3421 finitimas
486 3363 620 3420 civitates
637 3359 705 3419 nihil
725 3358 832 3418 hostile
847 3364 1009 3416 metuentes
1028 3371 1067 3412 ex

73 3446 222 3525 inproviso
239 3442 416 3520 adgreditur.
452 3443 615 3504 Poenorum
631 3460 747 3521 quoque
767 3443 873 3583 socio?
881 3440 1094 3563 permittentet
