<?xml version="1.0" encoding="UTF-8"?>
<!DOCTYPE html PUBLIC "-//W3C//DTD XHTML 1.0 Transitional//EN"
    "http://www.w3.org/TR/xhtml1/DTD/xhtml1-transitional.dtd">
<html xmlns="http://www.w3.org/1999/xhtml" xml:lang="en" lang="en">
 <head>
  <title>
</title>
<meta http-equiv="Content-Type" content="text/html;charset=utf-8" />
  <meta name='ocr-system' content='tesseract 3.04.00' />
  <meta name='ocr-capabilities' content='ocr_page ocr_carea ocr_par ocr_line ocrx_word'/>
</head>
<body>
  <div class='ocr_page' id='page_1' title='image "./iustinustrogipo00troggoog_0020.png"; bbox 0 0 2442 3975; ppageno 0'>
   <div class='ocr_carea' id='block_1_1' title="bbox 132 195 871 253">
    <p class='ocr_par' dir='ltr' id='par_1_1' title="bbox 132 195 871 253">
     <span class='ocr_line' id='line_1_1' title="bbox 132 195 871 253; baseline 0.009 -7"><span class='ocrx_word' id='word_1_1' title='bbox 132 201 194 247; x_wconf 83' lang='lat' dir='ltr'><strong>xiv</strong></span> <span class='ocrx_word' id='word_1_2' title='bbox 534 204 744 253; x_wconf 76' lang='grc'><strong>3333333336.</strong></span> <span class='ocrx_word' id='word_1_3' title='bbox 862 195 871 253; x_wconf 83' lang='grc'><strong>“.</strong></span> 
     </span>
    </p>
   </div>
   <div class='ocr_carea' id='block_1_2' title="bbox 130 331 1147 607">
    <p class='ocr_par' dir='ltr' id='par_1_2' title="bbox 130 331 1147 607">
     <span class='ocr_line' id='line_1_2' title="bbox 130 331 1147 458; baseline 0.012 -45"><span class='ocrx_word' id='word_1_4' title='bbox 130 331 313 435; x_wconf 85' lang='lat' dir='ltr'><strong>praeposuit]</strong></span> <span class='ocrx_word' id='word_1_5' title='bbox 326 356 489 451; x_wconf 32' lang='lat' dir='ltr'><strong>&#39;praeponit</strong></span> <span class='ocrx_word' id='word_1_6' title='bbox 511 355 573 452; x_wconf 68' lang='lat' dir='ltr'><strong>DI&#39;</strong></span> <span class='ocrx_word' id='word_1_7' title='bbox 611 356 678 445; x_wconf 9' lang='lat'>7‚,3</span> <span class='ocrx_word' id='word_1_8' title='bbox 699 356 959 455; x_wconf 31' lang='lat' dir='ltr'><strong>deinde].demum</strong></span> <span class='ocrx_word' id='word_1_9' title='bbox 975 363 1037 458; x_wconf 80' lang='lat' dir='ltr'><em>DI.</em></span> <span class='ocrx_word' id='word_1_10' title='bbox 1058 366 1147 439; x_wconf 88' lang='lat' dir='ltr'><strong>igitur</strong></span> 
     </span>
     <span class='ocr_line' id='line_1_3' title="bbox 130 436 1146 607; baseline 0.011 -27"><span class='ocrx_word' id='word_1_11' title='bbox 130 436 692 602; x_wconf 49' lang='lat' dir='ltr'><strong>{El27b31lpbbab]⁰bbb]pblbiblslmD{L</strong></span> <span class='ocrx_word' id='word_1_12' title='bbox 723 441 1146 607; x_wconf 49' lang='lat' dir='ltr'><strong>llulbhgbbecrlbbllnbbalbdi-</strong></span> 
     </span>
    </p>
   </div>
   <div class='ocr_carea' id='block_1_3' title="bbox 76 602 1219 3193">
    <p class='ocr_par' dir='ltr' id='par_1_3' title="bbox 130 602 1147 689">
     <span class='ocr_line' id='line_1_4' title="bbox 130 602 1147 689; baseline 0.012 -26"><span class='ocrx_word' id='word_1_13' title='bbox 130 622 197 664; x_wconf 88' lang='lat' dir='ltr'><strong>care</strong></span> <span class='ocrx_word' id='word_1_14' title='bbox 213 604 350 665; x_wconf 91' lang='lat' dir='ltr'><strong>omuibus</strong></span> <span class='ocrx_word' id='word_1_15' title='bbox 365 602 491 685; x_wconf 78' lang='lat' dir='ltr'>solebat]</span> <span class='ocrx_word' id='word_1_16' title='bbox 511 606 636 666; x_wconf 90' lang='lat' dir='ltr'><strong>nimium</strong></span> <span class='ocrx_word' id='word_1_17' title='bbox 653 605 943 682; x_wconf 86' lang='lat' dir='ltr'><strong>ddigebat-omnibns</strong></span> <span class='ocrx_word' id='word_1_18' title='bbox 957 614 1147 689; x_wconf 84' lang='lat' dir='ltr'><strong>praedicabat</strong></span> 
     </span>
    </p>

    <p class='ocr_par' dir='ltr' id='par_1_4' title="bbox 76 678 1200 1269">
     <span class='ocr_line' id='line_1_5' title="bbox 76 678 1161 777; baseline 0.01 -30"><span class='ocrx_word' id='word_1_19' title='bbox 76 678 81 686; x_wconf 77' lang='grc'><strong>’</strong></span> <span class='ocrx_word' id='word_1_20' title='bbox 127 688 181 748; x_wconf 85' lang='lat' dir='ltr'><em>DI</em></span> <span class='ocrx_word' id='word_1_21' title='bbox 227 689 254 757; x_wconf 87' lang='lat'><strong>7,</strong></span> <span class='ocrx_word' id='word_1_22' title='bbox 281 690 318 748; x_wconf 88' lang='lat'><strong>17</strong></span> <span class='ocrx_word' id='word_1_23' title='bbox 345 687 485 769; x_wconf 79' lang='lat' dir='ltr'>ostendit]</span> <span class='ocrx_word' id='word_1_24' title='bbox 506 689 715 750; x_wconf 90' lang='lat' dir='ltr'><strong>demonstravit</strong></span> <span class='ocrx_word' id='word_1_25' title='bbox 733 692 786 752; x_wconf 86' lang='lat' dir='ltr'><strong>DL</strong></span> <span class='ocrx_word' id='word_1_26' title='bbox 831 690 899 760; x_wconf 90' lang='lat'>8‚·1</span> <span class='ocrx_word' id='word_1_27' title='bbox 922 694 1024 777; x_wconf 91' lang='lat' dir='ltr'><strong>infert]</strong></span> <span class='ocrx_word' id='word_1_28' title='bbox 1047 683 1161 776; x_wconf 56' lang='lat' dir='ltr'><strong>totoni,</strong></span> 
     </span>
     <span class='ocr_line' id='line_1_6' title="bbox 127 768 1143 860; baseline 0.01 -30"><span class='ocrx_word' id='word_1_29' title='bbox 127 772 180 831; x_wconf 90' lang='lat' dir='ltr'><em>DI</em></span> <span class='ocrx_word' id='word_1_30' title='bbox 226 768 291 840; x_wconf 81' lang='lat'><strong>8,2</strong></span> <span class='ocrx_word' id='word_1_31' title='bbox 314 770 490 852; x_wconf 76' lang='lat' dir='ltr'><strong>faciliorem]</strong></span> <span class='ocrx_word' id='word_1_32' title='bbox 512 771 673 833; x_wconf 79' lang='lat' dir='ltr'><strong>feliciorem</strong></span> <span class='ocrx_word' id='word_1_33' title='bbox 697 775 726 835; x_wconf 91' lang='lat' dir='ltr'><em>D</em></span> <span class='ocrx_word' id='word_1_34' title='bbox 774 772 837 844; x_wconf 90' lang='lat'><strong>8‚9</strong></span> <span class='ocrx_word' id='word_1_35' title='bbox 860 776 1064 860; x_wconf 86' lang='lat' dir='ltr'><strong>circumvenit]</strong></span> <span class='ocrx_word' id='word_1_36' title='bbox 1085 782 1143 839; x_wconf 88' lang='lat' dir='ltr'><strong>eir-</strong></span> 
     </span>
     <span class='ocr_line' id='line_1_7' title="bbox 128 853 1142 938; baseline 0.01 -24"><span class='ocrx_word' id='word_1_37' title='bbox 128 854 276 914; x_wconf 90' lang='lat' dir='ltr'><strong>cumdedit</strong></span> <span class='ocrx_word' id='word_1_38' title='bbox 296 857 350 915; x_wconf 92' lang='lat' dir='ltr'><em>DI</em></span> <span class='ocrx_word' id='word_1_39' title='bbox 404 853 491 923; x_wconf 90' lang='grc' dir='ltr'><strong>8,Ῑο</strong></span> <span class='ocrx_word' id='word_1_40' title='bbox 514 855 682 938; x_wconf 87' lang='lat' dir='ltr'><strong>acceptum]</strong></span> <span class='ocrx_word' id='word_1_41' title='bbox 710 864 866 934; x_wconf 86' lang='lat' dir='ltr'><strong>exceptum</strong></span> <span class='ocrx_word' id='word_1_42' title='bbox 890 862 943 920; x_wconf 92' lang='lat' dir='ltr'><em>DI</em></span> <span class='ocrx_word' id='word_1_43' title='bbox 997 862 1026 932; x_wconf 88' lang='lat'><strong>9,</strong></span> <span class='ocrx_word' id='word_1_44' title='bbox 1049 864 1142 924; x_wconf 77' lang='grc'><strong>6311-</strong></span> 
     </span>
     <span class='ocr_line' id='line_1_8' title="bbox 126 936 1200 1023; baseline 0.008 -26"><span class='ocrx_word' id='word_1_45' title='bbox 126 936 243 1019; x_wconf 87' lang='lat' dir='ltr'><strong>versus]</strong></span> <span class='ocrx_word' id='word_1_46' title='bbox 274 945 374 997; x_wconf 89' lang='lat' dir='ltr'><strong>eontra</strong></span> <span class='ocrx_word' id='word_1_47' title='bbox 402 940 456 1022; x_wconf 84' lang='lat' dir='ltr'><em>DI</em></span> <span class='ocrx_word' id='word_1_48' title='bbox 510 940 539 1008; x_wconf 88' lang='grc'><strong>9,</strong></span> <span class='ocrx_word' id='word_1_49' title='bbox 565 938 602 998; x_wconf 95' lang='grc'><strong>12</strong></span> <span class='ocrx_word' id='word_1_50' title='bbox 630 940 817 1023; x_wconf 88' lang='lat' dir='ltr'><strong>permittunt]</strong></span> <span class='ocrx_word' id='word_1_51' title='bbox 845 946 999 1004; x_wconf 90' lang='lat' dir='ltr'><strong>remittunt</strong></span> <span class='ocrx_word' id='word_1_52' title='bbox 1050 945 1079 1014; x_wconf 89' lang='lat'><strong>9,</strong></span> <span class='ocrx_word' id='word_1_53' title='bbox 1104 947 1142 1006; x_wconf 82' lang='grc'><strong>15</strong></span> <span class='ocrx_word' id='word_1_54' title='bbox 1170 939 1200 994; x_wconf 75' lang='lat'>0</span> 
     </span>
     <span class='ocr_line' id='line_1_9' title="bbox 127 1020 1142 1102; baseline 0.006 -20"><span class='ocrx_word' id='word_1_55' title='bbox 127 1024 241 1100; x_wconf 85' lang='lat' dir='ltr'><strong>quaerit</strong></span> <span class='ocrx_word' id='word_1_56' title='bbox 262 1021 298 1081; x_wconf 93' lang='lat' dir='ltr'><strong>de</strong></span> <span class='ocrx_word' id='word_1_57' title='bbox 320 1020 391 1102; x_wconf 87' lang='grc'><strong>11113]</strong></span> <span class='ocrx_word' id='word_1_58' title='bbox 417 1024 566 1099; x_wconf 80' lang='lat' dir='ltr'><strong>quaerite</strong></span> <span class='ocrx_word' id='word_1_59' title='bbox 589 1023 647 1083; x_wconf 88' lang='lat' dir='ltr'><strong>tilia</strong></span> <span class='ocrx_word' id='word_1_60' title='bbox 668 1026 721 1085; x_wconf 92' lang='lat' dir='ltr'><em>DI</em></span> <span class='ocrx_word' id='word_1_61' title='bbox 769 1027 799 1095; x_wconf 89' lang='grc'><strong>9,</strong></span> <span class='ocrx_word' id='word_1_62' title='bbox 818 1024 857 1085; x_wconf 64' lang='grc'><strong>»18</strong></span> <span class='ocrx_word' id='word_1_63' title='bbox 880 1030 1055 1088; x_wconf 87' lang='lat' dir='ltr'><strong>sacramenti</strong></span> <span class='ocrx_word' id='word_1_64' title='bbox 1073 1029 1142 1089; x_wconf 89' lang='lat' dir='ltr'><strong>reli·</strong></span> 
     </span>
     <span class='ocr_line' id='line_1_10' title="bbox 126 1103 1141 1186; baseline 0.009 -23"><span class='ocrx_word' id='word_1_65' title='bbox 126 1106 212 1180; x_wconf 89' lang='lat' dir='ltr'><strong>gione</strong></span> <span class='ocrx_word' id='word_1_66' title='bbox 235 1103 403 1186; x_wconf 79' lang='lat' dir='ltr'><strong>obstringit]</strong></span> <span class='ocrx_word' id='word_1_67' title='bbox 427 1114 610 1168; x_wconf 88' lang='lat' dir='ltr'><strong>sacramento</strong></span> <span class='ocrx_word' id='word_1_68' title='bbox 629 1108 778 1184; x_wconf 83' lang='lat' dir='ltr'><strong>religionis</strong></span> <span class='ocrx_word' id='word_1_69' title='bbox 794 1109 948 1170; x_wconf 85' lang='lat' dir='ltr'><strong>obstrinxit</strong></span> <span class='ocrx_word' id='word_1_70' title='bbox 961 1114 1015 1171; x_wconf 92' lang='lat' dir='ltr'><em>DI</em></span> <span class='ocrx_word' id='word_1_71' title='bbox 1054 1112 1083 1181; x_wconf 87' lang='lat'><strong>9,</strong></span> <span class='ocrx_word' id='word_1_72' title='bbox 1101 1111 1141 1172; x_wconf 83' lang='lat'><strong>22</strong></span> 
     </span>
     <span class='ocr_line' id='line_1_11' title="bbox 124 1181 1144 1269; baseline 0.009 -22"><span class='ocrx_word' id='word_1_73' title='bbox 124 1181 356 1269; x_wconf 81' lang='lat' dir='ltr'><strong>transfoderent]</strong></span> <span class='ocrx_word' id='word_1_74' title='bbox 369 1188 536 1248; x_wconf 87' lang='lat' dir='ltr'><strong>occiderent</strong></span> <span class='ocrx_word' id='word_1_75' title='bbox 546 1191 609 1251; x_wconf 89' lang='lat' dir='ltr'><em>DI.</em></span> <span class='ocrx_word' id='word_1_76' title='bbox 632 1193 670 1250; x_wconf 85' lang='lat' dir='ltr'><strong>In</strong></span> <span class='ocrx_word' id='word_1_77' title='bbox 682 1197 789 1267; x_wconf 81' lang='lat' dir='ltr'><strong>primis</strong></span> <span class='ocrx_word' id='word_1_78' title='bbox 799 1196 943 1255; x_wconf 82' lang='lat' dir='ltr'><strong>voeabula</strong></span> <span class='ocrx_word' id='word_1_79' title='bbox 953 1198 1076 1256; x_wconf 80' lang='lat' dir='ltr'><strong>rariora</strong></span> <span class='ocrx_word' id='word_1_80' title='bbox 1090 1204 1144 1256; x_wconf 86' lang='grc'><strong>331</strong></span> 
     </span>
    </p>

    <p class='ocr_par' dir='ltr' id='par_1_5' title="bbox 122 1273 1219 2110">
     <span class='ocr_line' id='line_1_12' title="bbox 124 1273 1219 1368; baseline 0.007 -36"><span class='ocrx_word' id='word_1_81' title='bbox 124 1274 168 1332; x_wconf 83' lang='lat' dir='ltr'><strong>nd</strong></span> <span class='ocrx_word' id='word_1_82' title='bbox 188 1275 415 1345; x_wconf 71' lang='lat' dir='ltr'><strong>intellegendum</strong></span> <span class='ocrx_word' id='word_1_83' title='bbox 437 1273 616 1345; x_wconf 72' lang='lat' dir='ltr'><strong>diffieilcbrn</strong></span> <span class='ocrx_word' id='word_1_84' title='bbox 637 1293 704 1336; x_wconf 83' lang='lat' dir='ltr'><strong>cum</strong></span> <span class='ocrx_word' id='word_1_85' title='bbox 728 1281 845 1337; x_wconf 78' lang='lat' dir='ltr'><strong>usitatis</strong></span> <span class='ocrx_word' id='word_1_86' title='bbox 865 1287 1045 1339; x_wconf 77' lang='grc'><strong>6633331631</strong></span> <span class='ocrx_word' id='word_1_87' title='bbox 1063 1283 1143 1339; x_wconf 82' lang='lat' dir='ltr'><strong>velut</strong></span> <span class='ocrx_word' id='word_1_88' title='bbox 1214 1328 1219 1368; x_wconf 49' lang='lat'><em>4</em></span> 
     </span>
     <span class='ocr_line' id='line_1_13' title="bbox 124 1355 1140 1442; baseline 0.007 -26"><span class='ocrx_word' id='word_1_89' title='bbox 124 1356 164 1416; x_wconf 95' lang='lat' dir='ltr'><strong>II</strong></span> <span class='ocrx_word' id='word_1_90' title='bbox 182 1355 211 1425; x_wconf 87' lang='lat'><strong>3,</strong></span> <span class='ocrx_word' id='word_1_91' title='bbox 234 1356 252 1416; x_wconf 90' lang='lat'><em>8</em></span> <span class='ocrx_word' id='word_1_92' title='bbox 281 1355 436 1416; x_wconf 89' lang='lat' dir='ltr'><strong>lenonibus</strong></span> <span class='ocrx_word' id='word_1_93' title='bbox 463 1375 531 1417; x_wconf 82' lang='lat' dir='ltr'><strong>eum</strong></span> <span class='ocrx_word' id='word_1_94' title='bbox 556 1356 660 1436; x_wconf 89' lang='lat' dir='ltr'><strong>legatis</strong></span> <span class='ocrx_word' id='word_1_95' title='bbox 683 1358 836 1442; x_wconf 83' lang='lat' dir='ltr'><em>(DEEI),</em></span> <span class='ocrx_word' id='word_1_96' title='bbox 863 1364 917 1422; x_wconf 99' lang='lat' dir='ltr'><em>XI</em></span> <span class='ocrx_word' id='word_1_97' title='bbox 939 1363 987 1431; x_wconf 85' lang='grc'><strong>13,</strong></span> <span class='ocrx_word' id='word_1_98' title='bbox 1011 1362 1029 1423; x_wconf 89' lang='grc'><strong>3</strong></span> <span class='ocrx_word' id='word_1_99' title='bbox 1058 1370 1140 1423; x_wconf 86' lang='lat' dir='ltr'><strong>aestu</strong></span> 
     </span>
     <span class='ocr_line' id='line_1_14' title="bbox 124 1437 1210 1546; baseline 0.007 -47"><span class='ocrx_word' id='word_1_100' title='bbox 124 1457 191 1499; x_wconf 83' lang='lat' dir='ltr'><strong>cum</strong></span> <span class='ocrx_word' id='word_1_101' title='bbox 211 1446 292 1499; x_wconf 92' lang='lat' dir='ltr'><strong>metu</strong></span> <span class='ocrx_word' id='word_1_102' title='bbox 315 1437 419 1519; x_wconf 77' lang='lat' dir='ltr'><em>(EF),</em></span> <span class='ocrx_word' id='word_1_103' title='bbox 450 1441 539 1500; x_wconf 86' lang='lat' dir='ltr'><em>XIII</em></span> <span class='ocrx_word' id='word_1_104' title='bbox 558 1441 627 1510; x_wconf 89' lang='grc'><strong>3,2</strong></span> <span class='ocrx_word' id='word_1_105' title='bbox 655 1444 797 1504; x_wconf 88' lang='lat' dir='ltr'><strong>militibus</strong></span> <span class='ocrx_word' id='word_1_106' title='bbox 818 1463 886 1505; x_wconf 86' lang='lat' dir='ltr'><strong>eum</strong></span> <span class='ocrx_word' id='word_1_107' title='bbox 907 1446 1053 1526; x_wconf 81' lang='lat' dir='ltr'><strong>peditibus</strong></span> <span class='ocrx_word' id='word_1_108' title='bbox 1075 1444 1140 1525; x_wconf 83' lang='lat' dir='ltr'><em>(I),</em></span> <span class='ocrx_word' id='word_1_109' title='bbox 1190 1495 1210 1546; x_wconf 49' lang='grc' dir='ltr'><strong>ο</strong></span> 
     </span>
     <span class='ocr_line' id='line_1_15' title="bbox 123 1524 1141 1609; baseline 0.008 -27"><span class='ocrx_word' id='word_1_110' title='bbox 123 1524 209 1584; x_wconf 85' lang='lat' dir='ltr'><strong>XVI</strong></span> <span class='ocrx_word' id='word_1_111' title='bbox 228 1524 256 1592; x_wconf 82' lang='lat'><strong>5,</strong></span> <span class='ocrx_word' id='word_1_112' title='bbox 277 1524 313 1582; x_wconf 82' lang='grc'><strong>15</strong></span> <span class='ocrx_word' id='word_1_113' title='bbox 338 1530 499 1600; x_wconf 87' lang='lat' dir='ltr'><strong>occupatur</strong></span> <span class='ocrx_word' id='word_1_114' title='bbox 515 1542 582 1585; x_wconf 86' lang='lat' dir='ltr'><strong>eum</strong></span> <span class='ocrx_word' id='word_1_115' title='bbox 604 1525 797 1587; x_wconf 90' lang='lat' dir='ltr'><strong>obtruncatur</strong></span> <span class='ocrx_word' id='word_1_116' title='bbox 813 1529 937 1609; x_wconf 78' lang='lat' dir='ltr'><em>(DEI),</em></span> <span class='ocrx_word' id='word_1_117' title='bbox 956 1538 986 1590; x_wconf 92' lang='lat' dir='ltr'><strong>et</strong></span> <span class='ocrx_word' id='word_1_118' title='bbox 1002 1534 1141 1603; x_wconf 65' lang='lat' dir='ltr'><strong>vulgares</strong></span> 
     </span>
     <span class='ocr_line' id='line_1_16' title="bbox 124 1607 1208 1679; baseline 0.009 -14"><span class='ocrx_word' id='word_1_119' title='bbox 124 1609 277 1668; x_wconf 84' lang='lat' dir='ltr'><strong>uerborum</strong></span> <span class='ocrx_word' id='word_1_120' title='bbox 292 1607 411 1679; x_wconf 84' lang='lat' dir='ltr'><strong>formas</strong></span> <span class='ocrx_word' id='word_1_121' title='bbox 424 1615 454 1668; x_wconf 80' lang='lat' dir='ltr'><strong>et</strong></span> <span class='ocrx_word' id='word_1_122' title='bbox 466 1614 695 1671; x_wconf 79' lang='lat' dir='ltr'><strong>constructiones</strong></span> <span class='ocrx_word' id='word_1_123' title='bbox 709 1615 943 1672; x_wconf 67' lang='lat' dir='ltr'><strong>insolentioribus</strong></span> <span class='ocrx_word' id='word_1_124' title='bbox 955 1616 1139 1674; x_wconf 81' lang='lat' dir='ltr'><strong>substituunt.</strong></span> <span class='ocrx_word' id='word_1_125' title='bbox 1205 1622 1208 1628; x_wconf 87' lang='lat'>&#39;</span> 
     </span>
     <span class='ocr_line' id='line_1_17' title="bbox 126 1688 1149 1775; baseline 0.008 -26"><span class='ocrx_word' id='word_1_126' title='bbox 126 1691 174 1763; x_wconf 80' lang='lat' dir='ltr'><strong>Cf.</strong></span> <span class='ocrx_word' id='word_1_127' title='bbox 192 1692 215 1750; x_wconf 99' lang='lat' dir='ltr'><em>I</em></span> <span class='ocrx_word' id='word_1_128' title='bbox 232 1690 261 1759; x_wconf 85' lang='lat'><strong>9,</strong></span> <span class='ocrx_word' id='word_1_129' title='bbox 278 1688 297 1749; x_wconf 83' lang='lat'>8</span> <span class='ocrx_word' id='word_1_130' title='bbox 319 1692 349 1751; x_wconf 94' lang='lat' dir='ltr'><strong>in</strong></span> <span class='ocrx_word' id='word_1_131' title='bbox 365 1691 462 1750; x_wconf 84' lang='lat' dir='ltr'><strong>femui</strong></span> <span class='ocrx_word' id='word_1_132' title='bbox 481 1726 518 1737; x_wconf 89' lang='lat'><em>-</em></span> <span class='ocrx_word' id='word_1_133' title='bbox 534 1692 717 1775; x_wconf 89' lang='lat' dir='ltr'><strong>vulneratus]</strong></span> <span class='ocrx_word' id='word_1_134' title='bbox 741 1697 771 1753; x_wconf 92' lang='lat' dir='ltr'><strong>in</strong></span> <span class='ocrx_word' id='word_1_135' title='bbox 786 1694 899 1756; x_wconf 85' lang='lat' dir='ltr'><strong>femore</strong></span> <span class='ocrx_word' id='word_1_136' title='bbox 917 1708 954 1741; x_wconf 74' lang='grc'><strong>’-</strong></span> <span class='ocrx_word' id='word_1_137' title='bbox 970 1696 1149 1765; x_wconf 83' lang='lat' dir='ltr'><strong>vulneratus</strong></span> 
     </span>
     <span class='ocr_line' id='line_1_18' title="bbox 122 1774 1140 1860; baseline 0.006 -27"><span class='ocrx_word' id='word_1_138' title='bbox 122 1775 176 1833; x_wconf 91' lang='lat' dir='ltr'><em>DI</em></span> <span class='ocrx_word' id='word_1_139' title='bbox 222 1776 245 1834; x_wconf 99' lang='lat' dir='ltr'><em>I</em></span> <span class='ocrx_word' id='word_1_140' title='bbox 262 1774 346 1843; x_wconf 73' lang='grc'><strong>913</strong></span> <span class='ocrx_word' id='word_1_141' title='bbox 368 1774 566 1852; x_wconf 80' lang='lat' dir='ltr'><strong>indulgentiae</strong></span> <span class='ocrx_word' id='word_1_142' title='bbox 588 1777 806 1860; x_wconf 80' lang='lat' dir='ltr'><strong>largitionibus]</strong></span> <span class='ocrx_word' id='word_1_143' title='bbox 830 1780 1010 1856; x_wconf 81' lang='lat' dir='ltr'><strong>indulgentia</strong></span> <span class='ocrx_word' id='word_1_144' title='bbox 1032 1779 1140 1841; x_wconf 83' lang='grc'><strong>61133·</strong></span> 
     </span>
     <span class='ocr_line' id='line_1_19' title="bbox 124 1857 1138 1944; baseline 0.007 -28"><span class='ocrx_word' id='word_1_145' title='bbox 124 1857 280 1934; x_wconf 88' lang='lat' dir='ltr'><strong>gitionibus</strong></span> <span class='ocrx_word' id='word_1_146' title='bbox 302 1859 381 1919; x_wconf 84' lang='lat' dir='ltr'><em>DEI</em></span> <span class='ocrx_word' id='word_1_147' title='bbox 428 1860 450 1917; x_wconf 93' lang='lat' dir='ltr'><em>I</em></span> <span class='ocrx_word' id='word_1_148' title='bbox 472 1860 518 1928; x_wconf 93' lang='grc'><strong>10,</strong></span> <span class='ocrx_word' id='word_1_149' title='bbox 545 1860 582 1921; x_wconf 88' lang='grc'><strong>19</strong></span> <span class='ocrx_word' id='word_1_150' title='bbox 603 1880 663 1920; x_wconf 89' lang='grc'><strong>333</strong></span> <span class='ocrx_word' id='word_1_151' title='bbox 687 1895 724 1906; x_wconf 96' lang='grc'>-</span> <span class='ocrx_word' id='word_1_152' title='bbox 747 1862 907 1944; x_wconf 81' lang='lat' dir='ltr'><strong>confidant]</strong></span> <span class='ocrx_word' id='word_1_153' title='bbox 929 1883 1026 1923; x_wconf 88' lang='lat' dir='ltr'><strong>ne-</strong></span> <span class='ocrx_word' id='word_1_154' title='bbox 1048 1865 1138 1923; x_wconf 85' lang='lat' dir='ltr'><strong>coufi-</strong></span> 
     </span>
     <span class='ocr_line' id='line_1_20' title="bbox 123 1938 1139 2026; baseline 0.003 -26"><span class='ocrx_word' id='word_1_155' title='bbox 123 1938 320 2005; x_wconf 85' lang='lat' dir='ltr'><strong>dautDEFL</strong></span> <span class='ocrx_word' id='word_1_156' title='bbox 368 1943 408 2002; x_wconf 96' lang='lat' dir='ltr'><strong>II</strong></span> <span class='ocrx_word' id='word_1_157' title='bbox 427 1942 490 2013; x_wconf 83' lang='lat'><strong>6,5</strong></span> <span class='ocrx_word' id='word_1_158' title='bbox 514 1943 651 2020; x_wconf 79' lang='lat' dir='ltr'><strong>glandem</strong></span> <span class='ocrx_word' id='word_1_159' title='bbox 673 1944 869 2026; x_wconf 85' lang='lat' dir='ltr'><strong>vescentibus]</strong></span> <span class='ocrx_word' id='word_1_160' title='bbox 893 1946 1001 2022; x_wconf 84' lang='lat' dir='ltr'><strong>glande·</strong></span> <span class='ocrx_word' id='word_1_161' title='bbox 1018 1964 1139 2005; x_wconf 88' lang='lat' dir='ltr'><strong>vescen-</strong></span> 
     </span>
     <span class='ocr_line' id='line_1_21' title="bbox 122 2025 1096 2110; baseline 0.004 -26"><span class='ocrx_word' id='word_1_162' title='bbox 122 2025 200 2086; x_wconf 89' lang='lat' dir='ltr'><strong>tibus</strong></span> <span class='ocrx_word' id='word_1_163' title='bbox 219 2027 326 2088; x_wconf 85' lang='lat' dir='ltr'><em>DEEL</em></span> <span class='ocrx_word' id='word_1_164' title='bbox 382 2027 429 2096; x_wconf 83' lang='lat'><strong>15,</strong></span> <span class='ocrx_word' id='word_1_165' title='bbox 451 2027 469 2088; x_wconf 89' lang='grc'><strong>6</strong></span> <span class='ocrx_word' id='word_1_166' title='bbox 492 2030 522 2088; x_wconf 91' lang='grc'><strong>13</strong></span> <span class='ocrx_word' id='word_1_167' title='bbox 551 2028 708 2110; x_wconf 81' lang='lat' dir='ltr'><strong>legatione]</strong></span> <span class='ocrx_word' id='word_1_168' title='bbox 736 2031 767 2087; x_wconf 91' lang='lat' dir='ltr'><strong>in</strong></span> <span class='ocrx_word' id='word_1_169' title='bbox 789 2028 963 2105; x_wconf 85' lang='lat' dir='ltr'><strong>legationem</strong></span> <span class='ocrx_word' id='word_1_170' title='bbox 988 2028 1096 2088; x_wconf 87' lang='lat' dir='ltr'><em>DEEI</em></span> 
     </span>
    </p>

    <p class='ocr_par' dir='ltr' id='par_1_6' title="bbox 120 2109 1138 2357">
     <span class='ocr_line' id='line_1_22' title="bbox 129 2109 1137 2192; baseline 0.005 -24"><span class='ocrx_word' id='word_1_171' title='bbox 129 2111 157 2168; x_wconf 91' lang='lat' dir='ltr'><em>V</em></span> <span class='ocrx_word' id='word_1_172' title='bbox 170 2109 199 2177; x_wconf 94' lang='grc'><strong>6,</strong></span> <span class='ocrx_word' id='word_1_173' title='bbox 218 2110 236 2169; x_wconf 94' lang='grc'><strong>6</strong></span> <span class='ocrx_word' id='word_1_174' title='bbox 254 2128 348 2187; x_wconf 88' lang='lat' dir='ltr'><strong>eaque</strong></span> <span class='ocrx_word' id='word_1_175' title='bbox 362 2112 393 2171; x_wconf 93' lang='grc'><strong>13</strong></span> <span class='ocrx_word' id='word_1_176' title='bbox 409 2111 585 2192; x_wconf 85' lang='lat' dir='ltr'><strong>colluvione]</strong></span> <span class='ocrx_word' id='word_1_177' title='bbox 603 2132 639 2173; x_wconf 90' lang='lat' dir='ltr'><strong>ex</strong></span> <span class='ocrx_word' id='word_1_178' title='bbox 655 2130 712 2190; x_wconf 90' lang='lat' dir='ltr'><strong>qua</strong></span> <span class='ocrx_word' id='word_1_179' title='bbox 727 2111 890 2171; x_wconf 87' lang='grc'><strong>6611331636</strong></span> <span class='ocrx_word' id='word_1_180' title='bbox 905 2112 984 2170; x_wconf 88' lang='lat' dir='ltr'><em>DEI</em></span> <span class='ocrx_word' id='word_1_181' title='bbox 1031 2113 1057 2170; x_wconf 88' lang='lat' dir='ltr'><em>V</em></span> <span class='ocrx_word' id='word_1_182' title='bbox 1071 2112 1101 2181; x_wconf 90' lang='grc'><strong>9,</strong></span> <span class='ocrx_word' id='word_1_183' title='bbox 1118 2115 1137 2173; x_wconf 89' lang='grc'>7</span> 
     </span>
     <span class='ocr_line' id='line_1_23' title="bbox 123 2185 1138 2275; baseline 0.005 -23"><span class='ocrx_word' id='word_1_184' title='bbox 123 2185 250 2254; x_wconf 89' lang='lat' dir='ltr'><strong>erudelis</strong></span> <span class='ocrx_word' id='word_1_185' title='bbox 279 2212 363 2255; x_wconf 91' lang='lat' dir='ltr'><strong>casus</strong></span> <span class='ocrx_word' id='word_1_186' title='bbox 393 2194 609 2275; x_wconf 86' lang='lat' dir='ltr'><strong>miserantium]</strong></span> <span class='ocrx_word' id='word_1_187' title='bbox 641 2193 790 2265; x_wconf 83' lang='lat' dir='ltr'><strong>crudelem</strong></span> <span class='ocrx_word' id='word_1_188' title='bbox 813 2212 913 2253; x_wconf 85' lang='lat' dir='ltr'><strong>casum</strong></span> <span class='ocrx_word' id='word_1_189' title='bbox 935 2195 1138 2257; x_wconf 86' lang='lat' dir='ltr'><strong>miserantium</strong></span> 
     </span>
     <span class='ocr_line' id='line_1_24' title="bbox 120 2276 1093 2357; baseline 0.001 -19"><span class='ocrx_word' id='word_1_190' title='bbox 120 2278 174 2338; x_wconf 85' lang='lat' dir='ltr'><em>DI</em></span> <span class='ocrx_word' id='word_1_191' title='bbox 217 2279 298 2337; x_wconf 88' lang='lat' dir='ltr'><em>VIII</em></span> <span class='ocrx_word' id='word_1_192' title='bbox 316 2277 344 2347; x_wconf 83' lang='lat'><strong>2,</strong></span> <span class='ocrx_word' id='word_1_193' title='bbox 362 2279 380 2340; x_wconf 86' lang='lat'>6</span> <span class='ocrx_word' id='word_1_194' title='bbox 403 2280 534 2357; x_wconf 92' lang='lat' dir='ltr'><strong>quod-</strong></span> <span class='ocrx_word' id='word_1_195' title='bbox 551 2276 666 2356; x_wconf 91' lang='lat' dir='ltr'><strong>debuit]</strong></span> <span class='ocrx_word' id='word_1_196' title='bbox 691 2278 771 2354; x_wconf 87' lang='lat' dir='ltr'><strong>quod</strong></span> <span class='ocrx_word' id='word_1_197' title='bbox 790 2310 826 2323; x_wconf 87' lang='lat'>-</span> <span class='ocrx_word' id='word_1_198' title='bbox 844 2277 993 2351; x_wconf 81' lang='lat' dir='ltr'><strong>debuisset</strong></span> <span class='ocrx_word' id='word_1_199' title='bbox 1013 2280 1093 2339; x_wconf 86' lang='lat' dir='ltr'><em>DEI</em></span> 
     </span>
    </p>

    <p class='ocr_par' dir='ltr' id='par_1_7' title="bbox 120 2358 1139 2440">
     <span class='ocr_line' id='line_1_25' title="bbox 120 2358 1139 2440; baseline 0.005 -21"><span class='ocrx_word' id='word_1_200' title='bbox 120 2359 175 2419; x_wconf 91' lang='lat' dir='ltr'><em>IX</em></span> <span class='ocrx_word' id='word_1_201' title='bbox 192 2359 221 2431; x_wconf 78' lang='grc'><strong>2,</strong></span> <span class='ocrx_word' id='word_1_202' title='bbox 241 2364 259 2421; x_wconf 88' lang='grc'>7</span> <span class='ocrx_word' id='word_1_203' title='bbox 288 2361 433 2424; x_wconf 88' lang='lat' dir='ltr'><strong>alimentis</strong></span> <span class='ocrx_word' id='word_1_204' title='bbox 456 2358 605 2440; x_wconf 85' lang='lat' dir='ltr'><strong>exhibeat]</strong></span> <span class='ocrx_word' id='word_1_205' title='bbox 638 2358 778 2419; x_wconf 90' lang='lat' dir='ltr'><strong>alimenta·</strong></span> <span class='ocrx_word' id='word_1_206' title='bbox 797 2360 933 2421; x_wconf 82' lang='lat' dir='ltr'><strong>exhibeat</strong></span> <span class='ocrx_word' id='word_1_207' title='bbox 952 2363 1034 2424; x_wconf 89' lang='lat' dir='ltr'><em>DEI</em></span> <span class='ocrx_word' id='word_1_208' title='bbox 1085 2365 1139 2423; x_wconf 94' lang='lat' dir='ltr'><em>IX</em></span> 
     </span>
    </p>

    <p class='ocr_par' dir='ltr' id='par_1_8' title="bbox 86 2442 1135 2608">
     <span class='ocr_line' id='line_1_26' title="bbox 86 2442 1135 2525; baseline 0.001 -20"><span class='ocrx_word' id='word_1_209' title='bbox 86 2462 93 2475; x_wconf 75' lang='lat'>&#39;</span> <span class='ocrx_word' id='word_1_210' title='bbox 121 2444 151 2513; x_wconf 86' lang='grc'><strong>3,</strong></span> <span class='ocrx_word' id='word_1_211' title='bbox 174 2446 193 2504; x_wconf 85' lang='grc'>5</span> <span class='ocrx_word' id='word_1_212' title='bbox 222 2446 310 2506; x_wconf 80' lang='lat' dir='ltr'><strong>veluti</strong></span> <span class='ocrx_word' id='word_1_213' title='bbox 339 2448 467 2506; x_wconf 83' lang='lat' dir='ltr'><strong>ricinum</strong></span> <span class='ocrx_word' id='word_1_214' title='bbox 493 2444 662 2505; x_wconf 89' lang='lat' dir='ltr'><strong>incendium</strong></span> <span class='ocrx_word' id='word_1_215' title='bbox 691 2442 775 2525; x_wconf 91' lang='lat' dir='ltr'><strong>belli]</strong></span> <span class='ocrx_word' id='word_1_216' title='bbox 805 2444 935 2504; x_wconf 85' lang='grc'><strong>361316.</strong></span> <span class='ocrx_word' id='word_1_217' title='bbox 965 2447 1135 2516; x_wconf 87' lang='lat' dir='ltr'><strong>incendium</strong></span> 
     </span>
     <span class='ocr_line' id='line_1_27' title="bbox 119 2525 1092 2608; baseline 0.003 -20"><span class='ocrx_word' id='word_1_218' title='bbox 119 2527 230 2588; x_wconf 90' lang='lat' dir='ltr'><strong>bellum</strong></span> <span class='ocrx_word' id='word_1_219' title='bbox 251 2531 305 2590; x_wconf 91' lang='lat' dir='ltr'><em>DI</em></span> <span class='ocrx_word' id='word_1_220' title='bbox 346 2532 400 2589; x_wconf 91' lang='lat' dir='ltr'><strong>XI</strong></span> <span class='ocrx_word' id='word_1_221' title='bbox 424 2528 472 2597; x_wconf 87' lang='grc'><strong>14,</strong></span> <span class='ocrx_word' id='word_1_222' title='bbox 497 2527 515 2585; x_wconf 83' lang='grc'>5</span> <span class='ocrx_word' id='word_1_223' title='bbox 543 2543 602 2585; x_wconf 88' lang='grc'><strong>363</strong></span> <span class='ocrx_word' id='word_1_224' title='bbox 623 2525 736 2608; x_wconf 89' lang='lat' dir='ltr'><strong>militis]</strong></span> <span class='ocrx_word' id='word_1_225' title='bbox 758 2545 819 2587; x_wconf 89' lang='grc'><strong>363</strong></span> <span class='ocrx_word' id='word_1_226' title='bbox 840 2529 965 2590; x_wconf 90' lang='lat' dir='ltr'><strong>militum</strong></span> <span class='ocrx_word' id='word_1_227' title='bbox 985 2532 1092 2591; x_wconf 87' lang='lat' dir='ltr'><em>DEEI</em></span> 
     </span>
    </p>

    <p class='ocr_par' dir='ltr' id='par_1_9' title="bbox 117 2608 1219 3110">
     <span class='ocr_line' id='line_1_28' title="bbox 119 2608 1135 2689; baseline 0 -17"><span class='ocrx_word' id='word_1_228' title='bbox 119 2614 192 2672; x_wconf 92' lang='lat' dir='ltr'><strong>XII</strong></span> <span class='ocrx_word' id='word_1_229' title='bbox 211 2615 277 2682; x_wconf 89' lang='grc'><strong>7,9</strong></span> <span class='ocrx_word' id='word_1_230' title='bbox 307 2630 367 2672; x_wconf 89' lang='grc'><strong>363</strong></span> <span class='ocrx_word' id='word_1_231' title='bbox 394 2608 523 2689; x_wconf 89' lang='lat' dir='ltr'><strong>poterat]</strong></span> <span class='ocrx_word' id='word_1_232' title='bbox 553 2627 613 2668; x_wconf 92' lang='lat' dir='ltr'><strong>non</strong></span> <span class='ocrx_word' id='word_1_233' title='bbox 635 2617 773 2688; x_wconf 90' lang='lat' dir='ltr'><strong>potuerat</strong></span> <span class='ocrx_word' id='word_1_234' title='bbox 795 2613 911 2674; x_wconf 85' lang='lat' dir='ltr'><em>DEEI.</em></span> <span class='ocrx_word' id='word_1_235' title='bbox 954 2614 1044 2673; x_wconf 92' lang='lat' dir='ltr'><em>XIII</em></span> <span class='ocrx_word' id='word_1_236' title='bbox 1063 2617 1091 2682; x_wconf 87' lang='lat'><strong>7,</strong></span> <span class='ocrx_word' id='word_1_237' title='bbox 1116 2614 1135 2672; x_wconf 91' lang='grc'>2</span> 
     </span>
     <span class='ocr_line' id='line_1_29' title="bbox 120 2694 1132 2776; baseline -0.001 -20"><span class='ocrx_word' id='word_1_238' title='bbox 120 2695 326 2776; x_wconf 85' lang='lat' dir='ltr'><strong>accepturum]</strong></span> <span class='ocrx_word' id='word_1_239' title='bbox 358 2699 535 2769; x_wconf 82' lang='lat' dir='ltr'><strong>accepturus</strong></span> <span class='ocrx_word' id='word_1_240' title='bbox 560 2694 640 2755; x_wconf 86' lang='lat' dir='ltr'><em>DEI</em></span> <span class='ocrx_word' id='word_1_241' title='bbox 694 2696 780 2756; x_wconf 89' lang='lat' dir='ltr'><strong>XVI</strong></span> <span class='ocrx_word' id='word_1_242' title='bbox 797 2697 866 2765; x_wconf 89' lang='grc'><strong>4,2</strong></span> <span class='ocrx_word' id='word_1_243' title='bbox 896 2715 965 2757; x_wconf 87' lang='lat' dir='ltr'><strong>oum</strong></span> <span class='ocrx_word' id='word_1_244' title='bbox 986 2697 1070 2774; x_wconf 89' lang='lat' dir='ltr'><strong>plebs</strong></span> <span class='ocrx_word' id='word_1_245' title='bbox 1095 2731 1132 2742; x_wconf 91' lang='lat'><em>-</em></span> 
     </span>
     <span class='ocr_line' id='line_1_30' title="bbox 119 2775 1134 2862; baseline 0.002 -23"><span class='ocrx_word' id='word_1_246' title='bbox 119 2780 286 2857; x_wconf 86' lang='lat' dir='ltr'><strong>inpotenter</strong></span> <span class='ocrx_word' id='word_1_247' title='bbox 308 2775 486 2856; x_wconf 89' lang='lat' dir='ltr'><strong>flagitarent]</strong></span> <span class='ocrx_word' id='word_1_248' title='bbox 511 2795 579 2837; x_wconf 90' lang='lat' dir='ltr'><strong>cum</strong></span> <span class='ocrx_word' id='word_1_249' title='bbox 601 2777 685 2855; x_wconf 88' lang='lat' dir='ltr'><strong>plebs</strong></span> <span class='ocrx_word' id='word_1_250' title='bbox 707 2780 951 2857; x_wconf 81' lang='lat' dir='ltr'><strong>-impudenter</strong></span> <span class='ocrx_word' id='word_1_251' title='bbox 968 2778 1057 2862; x_wconf 87' lang='lat' dir='ltr'><em>(DE)</em></span> <span class='ocrx_word' id='word_1_252' title='bbox 1081 2780 1134 2841; x_wconf 93' lang='lat' dir='ltr'><strong>lla·</strong></span> 
     </span>
     <span class='ocr_line' id='line_1_31' title="bbox 119 2861 1134 2945; baseline 0.005 -25"><span class='ocrx_word' id='word_1_253' title='bbox 119 2864 225 2940; x_wconf 64' lang='grc'><strong>3113361</strong></span> <span class='ocrx_word' id='word_1_254' title='bbox 251 2861 359 2927; x_wconf 87' lang='lat' dir='ltr'><em>DEEL</em></span> <span class='ocrx_word' id='word_1_255' title='bbox 415 2861 502 2921; x_wconf 91' lang='lat' dir='ltr'><strong>XXI</strong></span> <span class='ocrx_word' id='word_1_256' title='bbox 527 2862 604 2929; x_wconf 90' lang='grc'><strong>4,7</strong></span> <span class='ocrx_word' id='word_1_257' title='bbox 637 2862 668 2921; x_wconf 92' lang='grc'><strong>13</strong></span> <span class='ocrx_word' id='word_1_258' title='bbox 694 2881 814 2924; x_wconf 85' lang='lat' dir='ltr'><strong>crucem</strong></span> <span class='ocrx_word' id='word_1_259' title='bbox 841 2862 953 2945; x_wconf 84' lang='lat' dir='ltr'><strong>figitur]</strong></span> <span class='ocrx_word' id='word_1_260' title='bbox 984 2867 1014 2924; x_wconf 94' lang='lat' dir='ltr'><strong>in</strong></span> <span class='ocrx_word' id='word_1_261' title='bbox 1044 2882 1134 2925; x_wconf 90' lang='lat' dir='ltr'><strong>eruce</strong></span> 
     </span>
     <span class='ocr_line' id='line_1_32' title="bbox 118 2941 1219 3028; baseline 0.001 -21"><span class='ocrx_word' id='word_1_262' title='bbox 118 2948 217 3025; x_wconf 87' lang='lat' dir='ltr'><strong>ligitur</strong></span> <span class='ocrx_word' id='word_1_263' title='bbox 236 2941 353 3004; x_wconf 71' lang='lat' dir='ltr'><em>DEEI&#39;</em></span> <span class='ocrx_word' id='word_1_264' title='bbox 389 2944 510 3004; x_wconf 92' lang='lat' dir='ltr'><em>XXIII</em></span> <span class='ocrx_word' id='word_1_265' title='bbox 530 2945 555 3014; x_wconf 90' lang='grc'><strong>1,</strong></span> <span class='ocrx_word' id='word_1_266' title='bbox 582 2945 620 3005; x_wconf 90' lang='grc'><strong>10</strong></span> <span class='ocrx_word' id='word_1_267' title='bbox 642 2945 801 3028; x_wconf 91' lang='lat' dir='ltr'><strong>praedare]</strong></span> <span class='ocrx_word' id='word_1_268' title='bbox 824 2948 961 3025; x_wconf 88' lang='lat' dir='ltr'><strong>praedari</strong></span> <span class='ocrx_word' id='word_1_269' title='bbox 982 2948 1090 3008; x_wconf 88' lang='lat' dir='ltr'><em>DEFI</em></span> <span class='ocrx_word' id='word_1_270' title='bbox 1218 2996 1219 3019; x_wconf 50' lang='lat'><em>2</em></span> 
     </span>
     <span class='ocr_line' id='line_1_33' title="bbox 117 3027 1132 3110; baseline 0.001 -20"><span class='ocrx_word' id='word_1_271' title='bbox 117 3028 239 3090; x_wconf 87' lang='lat' dir='ltr'><em>XXIII</em></span> <span class='ocrx_word' id='word_1_272' title='bbox 260 3027 285 3098; x_wconf 92' lang='grc'><strong>1,</strong></span> <span class='ocrx_word' id='word_1_273' title='bbox 306 3028 342 3086; x_wconf 88' lang='grc'><strong>14</strong></span> <span class='ocrx_word' id='word_1_274' title='bbox 364 3046 423 3108; x_wconf 79' lang='lat' dir='ltr'><strong>qua</strong></span> <span class='ocrx_word' id='word_1_275' title='bbox 437 3027 571 3110; x_wconf 85' lang='lat' dir='ltr'><strong>vleteria]</strong></span> <span class='ocrx_word' id='word_1_276' title='bbox 597 3031 681 3089; x_wconf 91' lang='lat' dir='ltr'><strong>cuius</strong></span> <span class='ocrx_word' id='word_1_277' title='bbox 695 3032 815 3091; x_wconf 86' lang='grc'><strong>31616313</strong></span> <span class='ocrx_word' id='word_1_278' title='bbox 833 3032 887 3090; x_wconf 92' lang='lat' dir='ltr'><em>DI</em></span> <span class='ocrx_word' id='word_1_279' title='bbox 932 3032 1019 3090; x_wconf 90' lang='lat' dir='ltr'><em>XXI</em></span> <span class='ocrx_word' id='word_1_280' title='bbox 1024 3033 1051 3091; x_wconf 94' lang='lat' dir='ltr'><em>V</em></span> <span class='ocrx_word' id='word_1_281' title='bbox 1066 3031 1096 3100; x_wconf 88' lang='lat'><strong>6,</strong></span> <span class='ocrx_word' id='word_1_282' title='bbox 1113 3034 1132 3091; x_wconf 86' lang='lat'>5</span> 
     </span>
    </p>

    <p class='ocr_par' dir='ltr' id='par_1_10' title="bbox 118 3109 1133 3193">
     <span class='ocr_line' id='line_1_34' title="bbox 118 3109 1133 3193; baseline 0.003 -20"><span class='ocrx_word' id='word_1_283' title='bbox 118 3120 150 3174; x_wconf 85' lang='lat' dir='ltr'><strong>nt</strong></span> <span class='ocrx_word' id='word_1_284' title='bbox 178 3112 227 3190; x_wconf 88' lang='lat' dir='ltr'><strong>qui</strong></span> <span class='ocrx_word' id='word_1_285' title='bbox 253 3144 289 3159; x_wconf 91' lang='lat'>-</span> <span class='ocrx_word' id='word_1_286' title='bbox 312 3109 420 3193; x_wconf 88' lang='lat' dir='ltr'><strong>solent]</strong></span> <span class='ocrx_word' id='word_1_287' title='bbox 450 3118 482 3172; x_wconf 92' lang='lat' dir='ltr'><strong>ut</strong></span> <span class='ocrx_word' id='word_1_288' title='bbox 510 3113 560 3191; x_wconf 89' lang='lat' dir='ltr'><strong>qui</strong></span> <span class='ocrx_word' id='word_1_289' title='bbox 585 3146 622 3158; x_wconf 92' lang='lat'><em>-</em></span> <span class='ocrx_word' id='word_1_290' title='bbox 651 3113 765 3174; x_wconf 89' lang='lat' dir='ltr'><strong>soleant</strong></span> <span class='ocrx_word' id='word_1_291' title='bbox 792 3115 873 3174; x_wconf 92' lang='lat' dir='ltr'><em>DEI</em></span> <span class='ocrx_word' id='word_1_292' title='bbox 927 3115 1047 3174; x_wconf 89' lang='lat' dir='ltr'><em>XXIV</em></span> <span class='ocrx_word' id='word_1_293' title='bbox 1063 3115 1133 3182; x_wconf 87' lang='lat'><strong>7,9</strong></span> 
     </span>
    </p>
   </div>
   <div class='ocr_carea' id='block_1_4' title="bbox 5 3194 1134 3277">
    <p class='ocr_par' dir='ltr' id='par_1_11' title="bbox 5 3194 1134 3277">
     <span class='ocr_line' id='line_1_35' title="bbox 5 3194 1134 3277; baseline 0 -20"><span class='ocrx_word' id='word_1_294' title='bbox 5 3253 13 3267; x_wconf 84' lang='lat'><strong>‚</strong></span> <span class='ocrx_word' id='word_1_295' title='bbox 119 3195 224 3257; x_wconf 91' lang='lat' dir='ltr'><strong>milites</strong></span> <span class='ocrx_word' id='word_1_296' title='bbox 251 3194 350 3277; x_wconf 90' lang='lat' dir='ltr'><strong>erant]</strong></span> <span class='ocrx_word' id='word_1_297' title='bbox 379 3195 503 3259; x_wconf 90' lang='lat' dir='ltr'><strong>militum</strong></span> <span class='ocrx_word' id='word_1_298' title='bbox 531 3202 615 3257; x_wconf 89' lang='lat' dir='ltr'><strong>erant</strong></span> <span class='ocrx_word' id='word_1_299' title='bbox 636 3198 695 3257; x_wconf 84' lang='lat' dir='ltr'><strong>DE</strong></span> <span class='ocrx_word' id='word_1_300' title='bbox 742 3199 844 3257; x_wconf 92' lang='lat' dir='ltr'><strong>XXV</strong></span> <span class='ocrx_word' id='word_1_301' title='bbox 862 3199 897 3264; x_wconf 88' lang='grc'><strong>4,</strong></span> <span class='ocrx_word' id='word_1_302' title='bbox 918 3196 937 3257; x_wconf 88' lang='grc'>8</span> <span class='ocrx_word' id='word_1_303' title='bbox 960 3214 1028 3257; x_wconf 88' lang='lat' dir='ltr'><strong>cum</strong></span> <span class='ocrx_word' id='word_1_304' title='bbox 1050 3216 1134 3257; x_wconf 85' lang='lat' dir='ltr'><strong>sexa·</strong></span> 
     </span>
    </p>
   </div>
   <div class='ocr_carea' id='block_1_5' title="bbox 107 3274 1133 3445">
    <p class='ocr_par' dir='ltr' id='par_1_12' title="bbox 107 3274 1133 3445">
     <span class='ocr_line' id='line_1_36' title="bbox 118 3274 1131 3362; baseline 0 -22"><span class='ocrx_word' id='word_1_305' title='bbox 118 3274 243 3361; x_wconf 79' lang='lat' dir='ltr'><strong>gesimo]</strong></span> <span class='ocrx_word' id='word_1_306' title='bbox 268 3299 335 3341; x_wconf 91' lang='lat' dir='ltr'><strong>eum</strong></span> <span class='ocrx_word' id='word_1_307' title='bbox 359 3282 565 3357; x_wconf 45' lang='lat' dir='ltr'><strong>sexaginta&#39;E‘.</strong></span> <span class='ocrx_word' id='word_1_308' title='bbox 586 3279 669 3341; x_wconf 84' lang='lat' dir='ltr'><strong>solus</strong></span> <span class='ocrx_word' id='word_1_309' title='bbox 687 3281 741 3342; x_wconf 92' lang='lat' dir='ltr'><em>DI</em></span> <span class='ocrx_word' id='word_1_310' title='bbox 787 3281 905 3340; x_wconf 89' lang='lat' dir='ltr'><em>XXIX</em></span> <span class='ocrx_word' id='word_1_311' title='bbox 924 3280 950 3348; x_wconf 82' lang='lat'><strong>1,</strong></span> <span class='ocrx_word' id='word_1_312' title='bbox 970 3280 989 3341; x_wconf 87' lang='lat'><em>8</em></span> <span class='ocrx_word' id='word_1_313' title='bbox 1012 3280 1131 3362; x_wconf 86' lang='lat' dir='ltr'><strong>intenti]</strong></span> 
     </span>
     <span class='ocr_line' id='line_1_37' title="bbox 107 3362 1133 3445; baseline -0.001 -20"><span class='ocrx_word' id='word_1_314' title='bbox 107 3366 236 3425; x_wconf 84' lang='lat' dir='ltr'><strong>intentis</strong></span> <span class='ocrx_word' id='word_1_315' title='bbox 256 3365 363 3425; x_wconf 87' lang='lat' dir='ltr'><em>DEEI</em></span> <span class='ocrx_word' id='word_1_316' title='bbox 415 3365 534 3425; x_wconf 84' lang='lat' dir='ltr'><em>XXXI</em></span> <span class='ocrx_word' id='word_1_317' title='bbox 558 3364 586 3432; x_wconf 92' lang='grc'><strong>6,</strong></span> <span class='ocrx_word' id='word_1_318' title='bbox 610 3362 629 3423; x_wconf 90' lang='grc'>2</span> <span class='ocrx_word' id='word_1_319' title='bbox 657 3382 718 3425; x_wconf 89' lang='grc'><strong>363</strong></span> <span class='ocrx_word' id='word_1_320' title='bbox 738 3369 853 3424; x_wconf 72' lang='lat' dir='ltr'><strong>mutum</strong></span> <span class='ocrx_word' id='word_1_321' title='bbox 876 3397 913 3411; x_wconf 82' lang='lat'><strong>--</strong></span> <span class='ocrx_word' id='word_1_322' title='bbox 938 3363 1041 3445; x_wconf 73' lang='grc'><strong>63333]</strong></span> <span class='ocrx_word' id='word_1_323' title='bbox 1071 3383 1133 3424; x_wconf 91' lang='grc'><strong>333</strong></span> 
     </span>
    </p>
   </div>
   <div class='ocr_carea' id='block_1_6' title="bbox 27 3446 1219 3530">
    <p class='ocr_par' dir='ltr' id='par_1_13' title="bbox 27 3446 1219 3530">
     <span class='ocr_line' id='line_1_38' title="bbox 27 3446 1219 3530; baseline 0.004 -22"><span class='ocrx_word' id='word_1_324' title='bbox 27 3514 30 3517; x_wconf 60' lang='grc'><strong>,</strong></span> <span class='ocrx_word' id='word_1_325' title='bbox 118 3455 178 3508; x_wconf 88' lang='lat' dir='ltr'><strong>tam</strong></span> <span class='ocrx_word' id='word_1_326' title='bbox 201 3482 237 3497; x_wconf 86' lang='lat'><strong>·-</strong></span> <span class='ocrx_word' id='word_1_327' title='bbox 261 3465 350 3530; x_wconf 90' lang='lat' dir='ltr'><strong>quam</strong></span> <span class='ocrx_word' id='word_1_328' title='bbox 370 3448 424 3509; x_wconf 85' lang='lat' dir='ltr'><strong>DL</strong></span> <span class='ocrx_word' id='word_1_329' title='bbox 476 3448 663 3509; x_wconf 88' lang='lat' dir='ltr'><em>XXXVIII</em></span> <span class='ocrx_word' id='word_1_330' title='bbox 685 3447 774 3516; x_wconf 89' lang='grc'><strong>4,10</strong></span> <span class='ocrx_word' id='word_1_331' title='bbox 806 3453 949 3525; x_wconf 80' lang='lat' dir='ltr'><strong>tantoque</strong></span> <span class='ocrx_word' id='word_1_332' title='bbox 975 3481 1012 3495; x_wconf 88' lang='lat'>-</span> <span class='ocrx_word' id='word_1_333' title='bbox 1035 3446 1130 3528; x_wconf 78' lang='lat' dir='ltr'><strong>quod]</strong></span> <span class='ocrx_word' id='word_1_334' title='bbox 1218 3510 1219 3513; x_wconf 74' lang='grc'><strong>,</strong></span> 
     </span>
    </p>
   </div>
   <div class='ocr_carea' id='block_1_7' title="bbox 117 3530 1130 3612">
    <p class='ocr_par' dir='ltr' id='par_1_14' title="bbox 117 3530 1130 3612">
     <span class='ocr_line' id='line_1_39' title="bbox 117 3530 1130 3612; baseline -0.002 -20"><span class='ocrx_word' id='word_1_335' title='bbox 117 3537 256 3612; x_wconf 89' lang='lat' dir='ltr'><strong>tantoque</strong></span> <span class='ocrx_word' id='word_1_336' title='bbox 280 3567 317 3581; x_wconf 91' lang='grc'><strong>--</strong></span> <span class='ocrx_word' id='word_1_337' title='bbox 340 3538 451 3611; x_wconf 88' lang='lat' dir='ltr'><strong>quanto</strong></span> <span class='ocrx_word' id='word_1_338' title='bbox 469 3533 549 3597; x_wconf 81' lang='lat' dir='ltr'><em>DEI</em></span> <span class='ocrx_word' id='word_1_339' title='bbox 601 3531 786 3593; x_wconf 88' lang='lat' dir='ltr'><em>XXXVIII</em></span> <span class='ocrx_word' id='word_1_340' title='bbox 805 3530 833 3597; x_wconf 85' lang='lat'><strong>3,</strong></span> <span class='ocrx_word' id='word_1_341' title='bbox 854 3530 873 3590; x_wconf 91' lang='grc'><strong>6</strong></span> <span class='ocrx_word' id='word_1_342' title='bbox 897 3530 1061 3612; x_wconf 85' lang='grc'><strong>1316116616]</strong></span> <span class='ocrx_word' id='word_1_343' title='bbox 1085 3533 1130 3591; x_wconf 90' lang='grc'><strong>13-</strong></span> 
     </span>
    </p>
   </div>
   <div class='ocr_carea' id='block_1_8' title="bbox 0 0 1226 3975">
    <p class='ocr_par' dir='ltr' id='par_1_15' title="bbox 0 0 1226 3975">
     <span class='ocr_line' id='line_1_40' title="bbox 0 0 1226 3975; baseline 0 3"><span class='ocrx_word' id='word_1_344' title='bbox 0 0 1226 3975; x_wconf 95' lang='lat' dir='ltr'><strong> </strong></span> 
     </span>
    </p>
   </div>
  </div>
 </body>
</html>
