2442 3975
174 210 257 279 ,226
309 242 319 316 3
483 219 638 272 rnonoen
651 222 844 273 nosnnnnn.

66 442 68 448 k
195 336 330 441 transires
350 375 413 437 eins
431 374 465 435 in
485 374 612 454 Sieiiinm
626 375 780 439 ‘adversus
800 365 1061 455 cmhsginienses.
1101 378 1163 442 Inde

128 476 132 483 ·
195 462 323 544 origines
334 459 508 524 Phoenicum
518 467 549 521 et
561 450 677 522 Sidonis
688 467 719 521 et
728 460 830 522 Veliae
843 459 1164 543 Carthaginiensinmqm

194 564 244 607 res
258 540 360 624 gestes
374 545 404 605 in
415 554 540 623 exeessn
553 542 657 605 dietae.

441 728 444 735 .
472 688 654 741 nsonoens
671 692 896 767 nnenrxonn.
1002 700 1017 751 ,-

257 767 478 854 Ηηάἑνίοεείηιο
491 790 635 851 volumine
647 793 827 855 eontinentur
841 810 890 852 res
903 791 1164 868 Carthaginiensium

195 878 224 936 in
235 877 363 936 Airieem
374 878 454 953 per†
465 873 606 934 rubellum
617 892 753 937 annornm
764 884 869 954 gestae
881 877 949 936 etin
961 875 1095 951 Siciliam,
1109 892 1165 935 een

65 995 69 1005 ·
196 960 372 1021 Selinuntem
390 966 420 1018 et
429 958 620 1036 Agrigentum
631 967 660 1019 et
675 958 854 1021 Camerinam
866 968 896 1019 et
910 958 1009 1020 Gelam
1021 966 1163 1038 ceperunt:

196 1060 253 1122 quo
269 1040 350 1103 hello
367 1039 523 1117 Dionysius
538 1041 735 1117 syenensnnos
747 1031 864 1104 Siciliae
878 1060 1000 1119 regnum
1014 1043 1163 1121 neenpnrit.

196 1125 324 1201 Bellum,
346 1124 423 1203 qnod
440 1136 503 1186 enm
520 1141 557 1185 eo
573 1124 665 1187 Poeni
684 1144 739 1205 per
758 1126 927 1187 lmileonem
944 1135 1110 1204 gesserunt,
1124 1125 1165 1203 qni

93 1258 98 1302 :
196 1209 346 1288 obsidione
363 1209 570 1283 Syracusarum
587 1212 752 1271 exereitum
765 1219 795 1270 et
808 1209 936 1271 classem
951 1211 1063 1271 amisit
1136 1272 1139 1277 ,

499 1354 682 1417 esonoons
697 1357 794 1405 nsnnn
808 1357 867 1404 xes.

128 1466 131 1471 ·
255 1452 403 1517 Vieesimo
425 1454 571 1515 volumine
590 1457 771 1532 eontinentur
790 1475 840 1519 res
861 1467 967 1535 gestae
983 1457 1113 1535 Dionysii
1128 1458 1164 1517 Si-

196 1537 254 1601 enii
274 1538 374 1618 patris.
405 1537 444 1599 Ut
457 1539 549 1618 pulsis
566 1539 671 1608 Poenis
687 1541 786 1603 ltaiioe
800 1540 880 1603 helie
895 1544 933 1605 sit
947 1543 1071 1619 molitos.
1103 1540 1163 1602 inde

195 1623 339 1700 repetitae
364 1623 491 1700 origines
515 1624 693 1702 Venetorum
717 1634 747 1684 et
768 1624 945 1689 Graecorum
971 1637 1001 1689 et
1020 1624 1184 1700 (helionem

197 1708 246 1785 qni
262 1705 373 1773 italiam
386 1706 524 1769 ineolnnt.
562 1706 760 1786 Dednetisqne
775 1707 909 1789 Dionysii
923 1712 1012 1772 rehns
1026 1712 1062 1772 ed
1077 1709 1164 1770 interi·

195 1799 253 1850 turn
265 1790 327 1850 eins
341 1789 436 1851 dietae
451 1807 522 1868 ques
537 1788 622 1851 'Anno
638 1809 757 1869 magnus
773 1792 801 1851 in
814 1793 916 1855 Airien
928 1791 1029 1873 gessit.

380 1954 382 1957 ·
494 1936 676 1987 PROLOGUS
692 1938 787 2021 mento
799 1940 872 1986 XXI.

259 2043 323 2104 Uno
337 2049 367 2102 et
384 2040 523 2101 vicesimo
544 2041 689 2103 volumine
708 2042 887 2127 eontinentur
908 2040 994 2102 haee.
1031 2040 1067 2101 Ut
1085 2041 1111 2098 in
1125 2038 1163 2100 Si·

197 2128 264 2188 eilia
277 2125 433 2200 Dionysius
448 2124 523 2185 iilius
536 2141 553 2185 e
568 2135 651 2208 petre
666 2126 772 2187 emisso
786 2126 915 2186 tractarit
929 2126 1086 2204 imperinm.
1116 2121 1166 2181 Per

199 2210 346 2290 {Dionem}
363 2207 521 2282 Dionysius
537 2200 649 2269 e'ieetns
665 2210 772 2271 bellom
792 2227 856 2269 enm
869 2208 978 2269 Sienlis
994 2208 1099 2286 gessit,
1120 2204 1163 2264 do·

196 2312 252 2354 nee
275 2292 387 2353 emissis
402 2290 505 2354 liberis
520 2301 550 2352 et
565 2292 655 2354 imtre
672 2293 767 2373 [abiit]
789 2291 967 2353 Corinthum.
1000 2292 1065 2352 Utn
1080 2288 1163 2350 Pinno-

90 2419 93 2426 .
196 2378 295 2439 leonte
316 2374 593 2462 Carthaginiensium
616 2377 697 2438 hello
721 2378 759 2437 sit
776 2376 898 2440 liberate
921 2376 1023 2437 Sicilie
1045 2380 1160 2434 mortno·

198 2479 254 2539 qne
278 2461 452 2521 Sosistretos
474 2460 576 2520 iterum
596 2460 673 2521 inem
693 2459 836 2521 seditione
855 2460 1044 2537 arcessitione
1064 2456 1099 2517 eh
1117 2453 1163 2513 iiie

197 2542 452 2622 Carthaginienses
463 2542 631 2604 obsederint
641 2545 817 2619 Syraenses:
829 2559 886 2622 quo
898 2540 980 2603 helio
993 2538 1162 2619 Agathocles

195 2634 317 2687 nanetus
331 2627 481 2705 imperinm
498 2635 553 2688 est.
582 2704 584 2710 Ι
767 2626 772 2635 ’
868 2647 873 2658 ·

459 2771 669 2823 senonens
685 2768 880 2823 n1nn1xx11.
992 2743 1016 2824 J
1062 2793 1065 2799 .
1097 2805 1101 2814 .

227 2905 232 2913 ·
258 2876 394 2937 Secundo
416 2884 446 2937 et
468 2877 609 2937 tieesirno
628 2877 774 2938 volumine
797 2876 978 2938 eontinentur
997 2874 1078 2935 haee.
1109 2867 1162 2929 ne

197 2969 298 3037 gestae
310 2959 499 3038 Agathoclis:
516 2969 545 3021 nt
559 2961 822 3022 ePoenisnenetos
833 2961 981 3039 imperinm
992 2957 1095 3018 hellnm
1105 2967 1162 3048 enm

197 3045 387 3122 ipsisgessit,
401 3044 523 3124 primurn
536 3046 565 3105 in
578 3044 692 3116 Sieiiie;
708 3044 813 3105 dehine
825 3044 919 3108 vietus
933 3041 1046 3103 treieeit
1055 3040 1082 3099 in
1092 3034 1160 3099 din·

148 3167 164 3189 .·
199 3144 277 3207 eam,
296 3127 345 3187 uhi
368 3133 506 3206 possesse
531 3128 678 3205 provincio
699 3126 853 3207 Aphellem
873 3144 975 3205 regem
997 3122 1161 3199 cyrenarum

150 3209 152 3212 ’
199 3209 839 3286 interfecit.·UtrorsnsinSieiliemreversns,
852 3203 1160 3298 oeeupntetotinsinsn-

198 3294 245 3354 iae
262 3293 471 3370 dominatione,
491 3312 554 3355 enm
570 3296 740 3356 revertisset
757 3294 940 3371 indidem,
957 3292 1066 3354 arnissis
1077 3285 1161 3365 sopiit

199 3376 279 3435 solus
296 3377 506 3455 inde‘proingit
522 3379 550 3439 in
561 3377 703 3454 Siciliam,
721 3377 859 3457 belloque
874 3377 915 3439 ihi
928 3377 1052 3457 repetito
1062 3381 1091 3433 et
1104 3383 1161 3430 enm

199 3455 302 3517 Poenis
319 3475 423 3536 paoem
440 3461 592 3540 conposuit
608 3470 637 3522 et
651 3462 822 3523 dissidentes
836 3480 853 3522 e
865 3480 900 3532 se
915 3460 1029 3523 Sieolos
1039 3451 1160 3519 snhieeit.
