2442 3975
87 152 250 206 xmus
443 157 641 210 munerun..
658 162 748 209 narr.
1028 149 1087 209 145

86 316 185 375 daret.
215 313 375 380 Aenianum
391 322 419 372 et
435 309 642 374 Thessalorum
658 313 767 389 duces,
790 315 837 390 qui
855 332 895 373 se
905 315 941 374 ad
957 315 1116 394 praedae2

89 400 266 457 societatem
282 399 449 471 iunxerunt,
466 399 606 473 amputari
617 413 714 455 moras
726 396 877 472 iubebant,
891 396 956 456 dum
967 400 1088 477 inparati

87 479 196 541 hostes
211 490 242 539 et
257 498 363 539 recens
381 478 521 552 adventus
537 481 582 538 sui
597 488 694 538 terror
709 488 804 538 esset:
829 481 982 547 interiecta
998 490 1115 545 nocte3

88 574 123 623 ct
145 565 256 623 animos
277 560 427 637 hostibus,
452 562 573 621 forsitan
592 571 622 621 et
643 562 749 621 auxilia
771 580 944 640 accessura,
970 566 1086 638 etuias,

86 664 169 723 quae
184 654 252 704 tunc
269 654 402 722 pateant,
421 643 600 704 obstructum
614 645 659 703 iri.
691 645 752 705 Sed
767 644 914 704 Gallorum
929 646 1034 722 vulgus
1049 656 1115 709 ens

88 730 183 803 longa
205 729 319 805 inopia,
343 726 390 786 ubi
409 729 528 807 primum
549 730 616 788 vino
633 730 801 805 ceterisque
818 728 1025 788 commeatibus
1042 746 1101 787 re·⁴

88 812 168 871 ierta
190 827 256 869 rura
278 811 400 886 invenit,
423 828 481 869 non
496 811 587 870 minus
603 810 774 870 abundantia
791 828 875 888 quam
890 813 1013 870 victoria
1029 811 1088 870 lae·

87 904 152 953 turn
169 911 223 969 per
238 910 326 969 agros
342 911 374 952 se
386 903 551 970 sparserat,
568 894 752 971 desertisque
764 896 854 970 signis
867 894 903 953 ad
917 894 1115 973 occupandas

71 977 190 1054 'cronia
206 993 259 1054 pro
273 976 434 1035 uictoribus
450 976 638 1053 vagabantur.
669 975 751 1048 Quae
768 995 817 1035 res
833 977 1000 1037 dilationem
1017 977 1088 1036 Del·

88 1061 159 1139 phis
174 1059 262 1119 dedit.
295 1059 388 1119 Prima
404 1078 528 1137 namque
545 1060 684 1136 opinione
698 1059 839 1119 adventus
856 1058 1004 1120 Gallorum
1020 1067 1115 1139 pro-6

87 1143 174 1203 hibiti
186 1152 320 1218 agrestes
333 1143 460 1203 oraculis
471 1142 603 1202 feruntur
613 1159 727 1201 messes
742 1145 867 1220 vinaque
880 1144 956 1202 villis
969 1140 1086 1202 elierre.
1154 1141 1161 1152 ’

44 1299 50 1310 .
88 1225 183 1286 Cuius
209 1227 252 1284 rei
278 1225 406 1293 salutare
436 1235 625 1303 praeceptum
645 1243 702 1284 non
725 1229 805 1304 prius
826 1226 1005 1285 intellectum
1029 1234 1114 1299 est,7

88 1326 178 1386 quam
205 1310 263 1367 vini
288 1318 507 1386 ceterarumque
530 1310 688 1386 copiarum
710 1308 882 1369 abundantia
902 1310 983 1369 velut
1007 1325 1090 1369 mora

89 1390 184 1452 Gallis
207 1392 323 1451 obiecta
347 1393 453 1452 auxilia
475 1393 658 1452 finitimorum
680 1410 855 1452 convenere.
892 1392 974 1453 Prius
989 1395 1116 1469 itaque&
1154 1433 1158 1442 -

87 1474 194 1538 urbem
220 1492 301 1536 suam
324 1474 430 1552 Delphi
459 1477 535 1534 aucti
560 1475 670 1535 viribus
693 1478 841 1535 sociorum
872 1477 1087 1551 permuninere,

88 1574 181 1635 quam
198 1555 272 1615 Galli
297 1558 363 1615 vino
385 1557 465 1616 velut
485 1558 613 1634 praedae
630 1557 800 1616 incubantes
816 1556 851 1615 ad
868 1559 950 1632 signa
966 1573 1087 1632 revoca·

88 1647 203 1699 rentur.
240 1638 372 1698 Habebn
394 1639 524 1697 Brennus
545 1639 621 1698 lecta
645 1656 683 1698 ex
706 1641 781 1699 omni
806 1641 937 1698 exercitu
960 1639 1115 1717 peditum9

89 1713 249 1795 sexaginta
267 1722 392 1797 quinque
414 1721 507 1780 milia:
531 1720 712 1799 Delphorum
734 1722 939 1798 sociorumque
960 1722 1087 1781 nonnisi

89 1812 234 1884 quattuor
251 1804 328 1883 milia
343 1804 450 1863 milites
464 1812 562 1878 erant,
585 1822 706 1882 quorum
722 1813 888 1881 contemptu
903 1803 1033 1864 Brennus
1049 1802 1085 1863 ad
1098 1814 1132 1865 10

92 1887 245 1948 acuendos
261 1903 381 1954 snorum
395 1888 504 1945 animos
519 1888 648 1964 praedae
664 1887 826 1947 ubertatem
845 1886 977 1945 omuibus
993 1895 1089 1946 osten·

94 1968 187 2031 debat
196 1961 370 2047 ‘statuasque
388 1989 451 2029 oum
464 1969 624 2049 quadrigis,
641 1987 759 2048 quarum
771 1967 874 2046 ingens
887 1971 973 2047 copia
983 1968 1089 2048 procul

90 2053 259 2128 visebatur,
284 2053 379 2113 solido
397 2072 467 2114 auro
486 2055 565 2112 fusas
581 2072 649 2112 esse
671 2054 795 2132 plusque
814 2055 844 2112 in
858 2052 989 2132 pondere
1006 2070 1089 2129 quarn

89 2139 121 2197 in
137 2138 240 2213 specie
258 2135 368 2196 habere
384 2136 513 2214 praedae
529 2136 708 2196 adfirmabat.

158 2220 187 2280 8.
217 2219 280 2279 Hac
299 2219 522 2279 adseveratione
543 2221 654 2278 incitati
676 2219 769 2294 Galli,
793 2218 877 2279 simul
900 2228 929 2278 et
948 2219 1115 2279 hesternai

90 2319 176 2363 mero
198 2303 288 2362 saucii
314 2303 377 2362 sine
400 2312 538 2381 respectu
562 2302 762 2381 periculorum
784 2304 813 2361 iu
831 2301 939 2361 bellum
956 2299 1087 2360 ruebant.

91 2385 202 2446 Contra
217 2384 327 2463 Delphi
349 2386 415 2464 plus
436 2387 465 2445 in
487 2386 543 2444 dec
565 2403 649 2463 quam
666 2387 695 2443 in
709 2384 817 2444 viribus
834 2385 1007 2463 deputantes
1024 2391 1116 2443 curus

20 2536 27 2549 ‚
92 2477 262 2546 contemptu
274 2469 398 2529 hostium
411 2469 588 2529 resistebant
599 2468 832 2546 scandentesque
840 2467 940 2528 Gallos
953 2483 1088 2528 esummo

91 2552 198 2612 montis
213 2554 324 2611 vertice
342 2554 444 2630 partim
460 2569 549 2627 saxo,
566 2554 669 2630 partim
684 2553 770 2611 armis
788 2552 957 2611 obruebant.
982 2550 1015 2610 ln
1029 2551 1116 2612 h0c3

92 2634 217 2712 partium
232 2637 390 2701 certamine
405 2646 527 2713 repente
540 2638 740 2694 universorum
753 2635 925 2712 templorum
937 2635 1088 2708 antistites,

93 2715 179 2776 simul
199 2725 228 2774 et
244 2717 307 2791 ipse
322 2727 405 2777 vates
419 2721 529 2795 sparsis
547 2718 673 2778 crinibus
690 2736 754 2778 curn
768 2717 929 2795 insignibus
945 2726 1032 2791 atque
1047 2717 1089 2777 iu·

94 2799 164 2859 iulis
187 2799 284 2875 pavidi
306 2801 511 2879 socordesque
531 2803 559 2860 in
573 2803 693 2880 primaru
710 2803 897 2880 pugnantium
914 2801 1006 2858 aciem
1021 2813 1088 2872 pro·

93 2891 229 2942 currunt:
242 2882 408 2944 advenisse
431 2884 515 2944 deum
538 2886 677 2961 clamant,
701 2903 824 2963 eumque
839 2902 872 2942 se
887 2880 996 2939 uidisse
1011 2877 1117 2940 desi-4

94 2966 214 3026 lientem
231 2964 259 3024 iu
273 2966 410 3045 templum
424 2986 479 3045 per
494 2969 624 3029 culminis
638 2977 740 3046 aperta
755 2968 887 3042 fastigia:
907 2963 971 3022 dum
986 2971 1115 3022 omnes5

92 3067 182 3126 opem
206 3049 253 3109 dei
275 3050 450 3129 suppliciter
474 3051 636 3129 inplorant,
668 3053 802 3111 iuvenem
827 3065 915 3124 supra
938 3045 1090 3104 humanum

94 3134 210 3191 modum
231 3135 351 3211 insignis
372 3126 799 3217 pulchritudinis‚comitesque
817 3132 844 3190 ei
866 3130 937 3188 duas
951 3135 1088 3186 armatas·

94 3232 153 3290 que
180 3216 309 3289 uirgines
338 3236 393 3288 ex,
402 3219 574 3296 propinquis
604 3218 715 3277 duabus
744 3216 855 3274 Dianae
882 3211 1089 3286 Minervaeque

95 3296 217 3355 aedibus
234 3303 415 3369 occurrisse;
441 3318 496 3359 nec
512 3301 606 3360 oculis
624 3310 730 3359 tantum
744 3299 866 3369 haecse
883 3293 1084 3374 perspexisse,
1098 3300 1116 3356 6

94 3378 212 3437 audisse
224 3382 318 3444 ‚etiam
338 3385 494 3445 stridorem
515 3400 600 3443 arcus
619 3400 654 3442 ac
671 3383 823 3460 strepitum
840 3395 998 3440 armorum:
1020 3381 1117 3453 pro-l

138 3482 303 3525 uusuunus.
841 3463 879 3522 10
974 3462 979 3471 ’
