2442 3975
109 192 250 250 xxxixa
480 204 571 253 mar.
588 206 682 254 amc.
694 206 783 253 cerr.
1050 194 1109 255 197

109 373 172 414 rem
188 355 317 431 eligere:
335 357 382 417 cui
400 358 478 436 prius
494 375 577 436 quam
593 375 714 433 regnum
738 358 837 434 daret,
859 376 980 419 uxorem
1003 358 1110 418 ademit

112 438 516 535 conpulsumqueo'repudiare
539 441 716 500 carissimam
739 440 794 500 sibi
822 458 953 502 sororem
982 439 1108 519 Cleopa·
1161 444 1183 474 ·’

105 529 183 580 tram
198 524 338 581 minorem
358 539 491 582 sororem
512 523 641 583 Selenen
663 524 772 583 ducere
792 524 887 600 iubet,
905 542 962 583 non
977 533 1106 584 materno

109 604 186 663 iuter
200 605 275 664 filias
291 605 413 684 iudicio,
431 624 493 665 cum
509 606 593 665 alteri
607 608 737 665 maritum
755 608 898 685 eriperet,
917 608 1002 666 alteri
1013 608 1105 668 daret.

111 687 171 747 Sed
197 681 355 767 Cleopatra
378 707 436 749 non
454 698 513 747 tam
539 707 554 748 a
576 688 807 771 uiropepudiata
824 708 907 767 quum
925 699 1048 749 amatre
1066 691 1137 754 (ΙΙ-3

110 772 205 829 vortio
222 773 275 830 viri
292 771 407 830 dimissa
425 768 570 845 cyziceno
585 773 615 830 in
630 772 713 845 Syria
729 772 824 847 nubit,
843 776 929 851 eique
953 789 989 831 ne
1004 773 1108 831 nudum

110 855 211 912 uxoris
231 871 335 912 nomen
351 854 491 928 adferret,
516 857 676 913 exercitum
699 851 788 933 Cypri
814 855 999 915 sollicitatum
1028 855 1109 914 velut

112 933 237 994 dotalem
252 936 288 995 ad
304 938 433 996 maritum
455 935 579 996 deducit.
610 937 667 996 Par
689 939 776 1013 igitur
798 938 907 997 viribus
930 939 1026 997 fratris
1050 935 1135 1011 ily-4

111 1018 228 1077 nicenus
247 1020 389 1095 proelium
403 1021 552 1087 committit
564 1038 599 1079 ac
613 1022 708 1078 victus
723 1021 752 1078 in
766 1020 862 1097 fugam
878 1023 1008 1080 vertitur.
1024 1019 1134 1082 'luced

111 1099 291 1161 Antiochiam
316 1100 449 1179 Grypcs,
475 1104 580 1179 inqua
603 1111 667 1162 erat
688 1100 826 1176 Cyziceni
849 1121 922 1162 uxor
937 1103 1106 1180 Cleopatra,

111 1182 248 1243 obsidere
263 1186 377 1262 coepit:
411 1202 467 1261 qua
482 1194 567 1262 capta
588 1184 779 1262 Tryphaena,
811 1204 886 1245 uxor
906 1186 1013 1264 Grypi,
1037 1186 1115 1245 nihil

111 1268 253 1345 antiquius
278 1267 361 1344 quam
383 1284 516 1327 sororem
539 1266 725 1345 Cleopatram
746 1270 855 1347 requiri
877 1269 975 1345 iussit,
998 1285 1055 1328 non
1076 1277 1107 1326 ut

15 1369 23 1381 ·
111 1352 244 1426 captiuae
259 1367 346 1428 opem
362 1350 471 1426 ferret,
489 1351 593 1410 sedne
610 1353 743 1428 effugere
759 1352 933 1430 captivitatis
944 1351 1018 1410 mala
1037 1368 1105 1428 pos·

110 1440 172 1508 set,
190 1449 264 1509 quae
280 1435 323 1491 sui
340 1434 532 1512 aemulatione
556 1435 585 1492 in
606 1434 665 1493 hoc
684 1436 863 1513 potissimum
883 1452 1003 1510 reguum
1026 1436 1105 1493 inva-

110 1518 181 1575 serit
196 1515 330 1592 hostique
347 1518 459 1574 sororis
474 1516 609 1577 nubendo
625 1518 738 1578 hostem
753 1536 785 1575 se
802 1520 863 1576 eius
878 1518 1019 1576 effecerit.
1036 1516 1134 1580 Tumfi

109 1598 283 1675 peregrinos
300 1601 445 1657 exercitus
467 1601 495 1656 in
512 1601 667 1659 certamina
683 1599 971 1673 fratrumadductos,
987 1609 1045 1657 tum
1055 1617 1105 1675 re·

109 1679 254 1758 pudiatam
270 1697 285 1738 a
302 1680 390 1739 tratre
408 1690 508 1740 contra
529 1684 628 1740 matris
645 1683 819 1740 voluntatem
841 1689 922 1739 extra
941 1681 1105 1757 Aegyptum

109 1770 226 1838 nuptam
241 1771 369 1822 accusat.
402 1762 509 1822 Contra
527 1762 641 1840 Grypus
662 1780 763 1838 orare,
780 1781 816 1821 ue
832 1772 888 1822 tam
904 1764 1019 1822 foedum
1034 1764 1132 1827 faci-'l

108 1861 163 1903 nus
179 1845 280 1903 facere
295 1854 430 1921 cogatur:
452 1846 564 1905 anullo
580 1863 712 1923 umquam
726 1847 864 1904 maiorum
886 1862 1002 1904 suorum
1030 1847 1105 1904 inter
1204 1900 1206 1903 ,

109 1935 154 1986 tot
172 1927 347 2001 domestica,
376 1937 419 1987 tot
444 1938 564 1989 externa
587 1927 665 1987 bella
688 1938 756 2007 post
774 1928 925 1987 victoriam
940 1929 969 1986 in
984 1928 1104 1987 feminas

110 2012 267 2088 saevitum,
284 2030 356 2089 quas
372 2030 460 2071 sexus
473 2015 537 2089 ipse
553 2022 582 2071 et
596 2013 735 2089 periculis
749 2012 892 2071 bellorum
910 2020 939 2070 et
964 2013 1103 2071 saevitiae

110 2096 250 2153 victorum
268 2096 388 2164 eximam
413 2097 440 2154 in
462 2095 517 2154 hac
539 2112 609 2154 vero
634 2104 751 2173 praeter
766 2112 915 2154 commune
939 2094 1134 2158 bellantium8

110 2176 155 2235 fas
169 2177 314 2237 accedere
327 2179 586 2238 necessitudinem:
609 2180 718 2256 quippe
742 2178 888 2254 sanguinis
910 2179 1011 2255 ipsius,
1029 2194 1104 2255 quae

110 2268 167 2317 tam
183 2269 303 2319 cruente
317 2263 443 2336 saeviat,
459 2278 592 2321 sororem
607 2261 740 2339 equidem
751 2278 916 2337 germanam
931 2278 1008 2340 esse,
1023 2278 1102 2319 suurn

110 2358 182 2400 vero
205 2344 423 2413 consobrinam;
454 2344 610 2403 liberorum
636 2344 741 2404 deiude
763 2345 951 2406 communium
967 2352 1102 2401 materte·
1170 2342 1185 2356 ‘⁴

111 2442 180 2482 ram.
212 2425 263 2485 llis
278 2434 322 2485 tot
340 2427 602 2487 necessitudinibus
630 2427 777 2503 sanguinis
805 2426 892 2485 adicit
921 2426 1131 2502 superstitio-9

6 2525 10 2530 ’
109 2524 176 2565 nem
190 2510 301 2587 templi,
325 2526 383 2586 quo
404 2510 499 2570 abditu
516 2511 694 2589 profugerit:
716 2518 857 2587 tantoque
870 2509 1037 2586 religiosius
1053 2522 1102 2567 co·

111 2590 215 2650 leudos
231 2592 286 2650 sibi
304 2591 393 2667 deos,
422 2610 479 2672 quo
494 2595 586 2669 magis
604 2593 649 2652 his
670 2590 802 2670 propitiis
822 2610 856 2650 ac
878 2591 1041 2652 faventibus
1061 2592 1102 2649 vi·
1184 2664 1186 2668 Ι

111 2677 215 2739 eisaei:
232 2684 289 2733 tum
304 2692 399 2753 neque
414 2687 518 2756 necata
531 2676 581 2735 illa
602 2677 703 2734 virium
724 2693 757 2734 se
779 2676 932 2754 quicquam
954 2673 1101 2747 Cyziceno

111 2756 300 2834 dempturum,
314 2776 370 2817 uec
385 2769 563 2818 servaturum
577 2758 700 2818 reddita.
727 2758 786 2818 Sed
801 2767 908 2835 quanto
920 2755 1033 2832 Grypus
1049 2755 1145 2818 ab·10

110 2841 181 2914 nuit,
198 2849 277 2899 tanto
300 2857 386 2900 soror
407 2841 541 2900 muliebri
565 2842 723 2920 pertinacia
741 2840 927 2913 accenditur,
959 2847 1021 2896 rata
1046 2852 1122 2895 nou·

109 2922 328 2982 misericordiae
344 2924 418 2983 haec
433 2924 539 3012 verba,
557 2923 610 2982 sed
627 2927 733 2983 amoris
754 2939 833 2981 csse.
868 2921 969 2997 ltaque
988 2921 1102 2977 vocatis

109 3004 172 3082 ipsa
187 3006 321 3065 militibus
336 3007 419 3066 mittit
432 3011 482 3085 poi
499 3024 631 3066 sororem
643 3006 842 3066 confoderent.
868 3002 923 3076 Qui
939 3011 969 3061 ut
983 3004 1012 3059 in
1028 3010 1099 3060 tem·
1111 3012 1143 3064 ll

109 3088 189 3166 plum
206 3090 397 3164 intraverunt,
413 3108 475 3149 cum
492 3089 622 3148 evellere
638 3105 700 3148 eam
716 3094 918 3164 nonpossent,
934 3102 1033 3143 manus
1045 3103 1102 3143 arn·

109 3171 256 3249 plexantis
286 3172 361 3232 deae
379 3173 561 3231 simulacrum
587 3171 801 3250 praeciderunt.
840 3167 920 3227 Tunc
944 3165 1102 3243 Cleopatra

109 3257 300 3315 execratione
317 3255 521 3332 parricidarum
537 3255 668 3313 mandata
684 3253 799 3312 violatis
814 3251 974 3310 numinibus
990 3249 1110 3308 ultione·
1127 3273 1131 3282 ·

110 3338 154 3396 sui
174 3337 301 3399 decedit.
330 3336 393 3397 Nec
415 3339 503 3398 multo
515 3347 584 3415 post
607 3338 732 3415 repetita
762 3335 867 3415 proelii
889 3333 1144 3409 congressionem

109 3421 205 3479 victor
231 3419 394 3496 Cyzicenus
422 3438 542 3480 uxorem
565 3420 655 3497 Grypi
680 3419 897 3498 Tryphaenam,
917 3432 992 3494 quae
1014 3414 1101 3492 paulo
