2442 3975
446 257 448 260 ι
506 185 614 234 nacor
628 185 758 234 romanu
843 235 847 242 ,
967 175 1056 228 xxix
1072 178 1086 228 1
1102 181 1134 231 2.

394 450 620 524 LIBER
670 450 872 525 XXVIIII.
918 463 921 469 ’

112 603 126 653 1
204 590 231 647 1.
254 554 353 647 Isdem
378 587 470 646 ferme
498 586 679 665 temporibus
706 604 800 665 prope
824 587 952 645 universi
974 586 1055 644 orbis
1078 588 1132 644 im·

111 674 221 749 tperia
243 689 318 731 nova
338 687 439 745 regum
455 669 645 729 successione
660 679 766 728 mutata
781 677 855 728 sunt.
892 668 964 728 Nam
979 678 1009 728 et
1024 670 1052 727 iu
1067 667 1131 730 Illa·

139 755 261 814 cedonia
273 754 432 830 Philippus,
447 762 560 812 mortuo
571 753 718 827 Antigono
729 761 825 811 tutore
838 752 1000 831 eodemque
1011 749 1131 827 vitrico,

112 849 279 907 sannorum
295 834 378 895 XIIII
400 853 521 911 regnum
543 838 690 913 suscepit;
716 843 744 893 et
767 837 794 893 in
809 835 880 894 Aula
900 835 1056 895 Interfecto
1074 836 1123 894 Se·

108 931 130 983 *4
141 921 227 980 leuco
242 918 366 996 inpubes
383 919 476 978 adhuc
491 937 545 977 rex
559 918 719 977 Antiochus
738 919 909 977 constitutus
925 928 986 986 est;
1011 914 1124 995 Cappa·

139 1004 243 1063 dociae
261 1019 377 1079 quoque
392 1018 514 1078 regnum
526 1001 670 1061 Ariarathi
688 1018 778 1078 puero
796 1001 947 1062 admodum
962 1010 1047 1079 pater
1061 1003 1128 1079 ipsc

113 1085 312 1151 stradidcrat3
343 1084 509 1162 Aegyptum
532 1095 616 1161 patre
637 1103 672 1144 ac
694 1093 786 1162 matre
810 1085 973 1144 interiectis
997 1102 1141 1162 occupa-¹

140 1177 223 1228 verat
243 1168 444 1242 Ptolemaeus,
476 1169 522 1227 cui
543 1186 580 1227 ex
601 1168 740 1227 facinoris
763 1169 881 1226 crimine
902 1171 1136 1244 cognomentum

113 1251 311 1327 hPhilopator
323 1249 392 1309 tuit'
424 1251 484 1310 Sed
500 1260 529 1309 et
543 1253 678 1329 Spartani
695 1252 834 1310 inlocum
852 1248 1018 1310 Cleomenis
1036 1250 1126 1309 sude·

111 1342 239 1397 tcerant
255 1333 427 1409 Lycurgum.
464 1332 501 1392 Ilt
522 1352 558 1392 ne
580 1352 635 1412 qua
658 1334 836 1413 temporibus
856 1334 1125 1407 mutatiodeesseq

140 1417 216 1493 apud
233 1413 492 1492 Carthaginienses
514 1433 631 1496 quoque
653 1426 748 1476 aetate
771 1418 907 1477 Inmatura
924 1418 983 1476 dux
1000 1416 1127 1475 Annibal

140 1499 338 1573 constituitur,
359 1516 415 1558 non
437 1501 556 1578 penuria
575 1502 739 1574 seniorum,
761 1500 813 1559 sed
834 1500 901 1559 odio
920 1500 1125 1575 Romanorum,

140 1600 198 1660 quo
221 1582 348 1641 lnhutum
372 1601 435 1641 eum
457 1582 480 1642 a
496 1585 617 1662 pucritia
638 1579 785 1659 sciebant,
808 1584 897 1643 fatale
916 1601 972 1643 non
993 1593 1049 1643 tam
1065 1583 1125 1642 llo·

112 1668 230 1729 hmanis
254 1682 337 1742 quam
359 1666 415 1743 ipsi
430 1665 548 1726 Africae
566 1667 681 1726 malum.
716 1665 779 1725 Etsi
794 1665 864 1726 nulli
881 1668 1007 1728 senioris
1022 1667 1124 1726 aetatis

138 1758 291 1824 rectores,
316 1757 514 1808 erant·tamen
536 1751 564 1808 in
578 1768 694 1810 suorum
710 1751 833 1827 quisque
849 1753 988 1809 maiorum
1001 1751 1124 1826 vestigia

113 1832 257 1895 timenti:
285 1849 388 1907 magna
412 1833 527 1891 indoles
545 1834 657 1892 virtutis
674 1834 789 1895 ‚enituit
827 1834 915 1892 Solus
929 1832 1123 1912 Ptolemaeus,

86 1909 92 1920 ’
139 1917 213 1974 sicut
236 1915 380 1973 scelestus
403 1916 431 1973 in
454 1916 627 1994 occupando
643 1934 752 1993 regno,
775 1917 814 1975 ita
831 1926 860 1975 et
874 1918 974 1994 segnis
990 1916 1017 1976 in
1035 1916 1123 1975 admi-

97 1998 288 2060 lonistrando
311 1998 372 2057 luit.
407 1998 570 2078 Philippum
583 2000 711 2060 Dardani
733 2001 883 2077 ceterIque
899 2018 998 2061 omnes
1015 2001 1125 2058 finitimi

138 2081 257 2159 populi,
275 2080 378 2158 quibus
393 2082 473 2141 velut
488 2083 641 2154 inmortale
657 2082 751 2141 odium
766 2101 829 2141 cum
842 2082 1029 2142 Macedonum
1044 2085 1124 2159 regi-

95 2175 128 2228 11
140 2163 195 2222 bus
210 2171 288 2238 erat,
304 2173 469 2242 contemptu
483 2167 586 2225 aetatis
600 2166 720 2226 adsidue
737 2166 930 2226 lacessebant.
953 2164 1060 2225 Contra
1072 2166 1124 2225 ille

138 2247 279 2306 submotis
298 2246 431 2305 hostibus
443 2265 500 2307 non
514 2257 665 2309 contentus
678 2266 730 2308 sua
740 2249 907 2309 defendisse
920 2250 996 2308 ultro
1008 2249 1123 2309 Aetolis

138 2329 245 2388 bellum
261 2328 370 2388 inferre
386 2331 542 2406 gestiebat.

112 2426 126 2476 l
203 2410 231 2468 2.
260 2410 342 2483 Quae
369 2415 524 2489 agitantem
550 2413 630 2473 illum
653 2413 834 2490 Demetrius,
869 2432 924 2475 rex
948 2413 1122 2490 lllyriorum,

138 2511 231 2570 nuper
251 2511 266 2552 a
282 2493 370 2559 Paulo
386 2496 515 2557 Romano
538 2497 663 2557 consule¹
680 2499 773 2557 victus
789 2497 969 2575 supplicibus
984 2498 1122 2576 precihus

110 2577 322 2652 tadgreditnr,
344 2580 473 2639 iniuriam
490 2580 685 2640 Romanorum
700 2598 842 2659 querens,
858 2582 977 2659 quinon
994 2581 1123 2643 contenti

137 2660 238 2720 itallae
254 2663 399 2737 terminis,
417 2663 566 2740 Imperium
581 2682 635 2742 spe
651 2663 772 2741 Inproba
784 2666 878 2724 'totius
892 2664 972 2723 orbis
985 2663 1122 2741 amplexi,

109 2743 244 2808 3hellum
261 2761 324 2803 cum
345 2746 474 2805 omnbus
489 2746 609 2823 regibus
623 2757 736 2823 gerant.
773 2749 823 2807 Sic
839 2747 907 2806 lllos
922 2747 1056 2820 Siciliae,
1079 2748 1123 2805 sic

138 2826 286 2887 Sardiniae
298 2826 529 2907 Hispaniaeque,
546 2831 591 2890 sic
606 2830 732 2908 dentque
742 2832 829 2890 totius
841 2830 959 2890 Africae
971 2825 1122 2908 imperiu'm

110 2910 316 2973 tadiectantes
337 2911 445 2972 bellum
461 2931 525 2972 cum
539 2913 645 2973 Poenis
660 2923 690 2972 et
704 2914 847 2973 Annibale
863 2914 1046 2991 suscepisse:
1066 2912 1122 2971 sibi

137 3010 253 3071 quoque
277 3011 334 3054 non
356 2996 439 3056 allam
464 2996 502 3055 ob
526 3014 657 3070 causam,
681 3014 765 3074 quam
780 2997 857 3074 quod
872 2996 972 3055 Italiae
988 2997 1122 3057 finitimus

134 3076 304 3153 videbatur,
320 3077 428 3139 hellam
444 3080 576 3155 inlatum,
591 3081 674 3159 quasi
688 3078 769 3140 neias
786 3089 866 3139 esset
881 3080 1005 3158 aliquem
1021 3096 1122 3154 regem

108 3161 215 3224 tiuxta
237 3163 349 3239 imperii
374 3179 474 3239 eorum
493 3164 632 3224 termipos
652 3181 744 3223 esse..
765 3164 824 3245 Sed
845 3172 874 3222 et
891 3163 947 3241 ipsi
963 3161 1122 3221 cavendum

136 3245 300 3322 exemplum
326 3263 415 3320 esse,
453 3247 533 3317 ouius
559 3254 664 3324 quanto
690 3247 850 3324 promptIus
875 3244 1059 3323 nobiliusque
1084 3244 1123 3302 sit

110 3336 275 3402 treguam,
291 3337 371 3388 tanto
385 3331 422 3388 sit
433 3328 722 3390 Romanos-acriores
734 3329 836 3389 hostes
847 3328 1004 3389 habiturus.
1026 3328 1124 3405 Supcr

136 3408 211 3467 haec
225 3409 333 3470 cedere
349 3429 382 3470 se
398 3411 441 3471 illi
455 3430 566 3489 regno,
584 3412 662 3490 quod
674 3411 794 3471 Romani
810 3413 1035 3490 occupaverim,
1052 3427 1136 3488 pro·.
