2442 3975
148 189 208 252 112
515 200 624 248 nnocu
636 200 768 269 1³0qu
992 195 1071 249 xvir
1081 203 1109 252 a.
1125 200 1144 256 a

143 356 246 417 xandri
261 354 440 413 remansisse
458 353 660 432 victoremque
684 355 826 413 victorum
841 356 991 434 extitisse,
1017 376 1076 420 non
1091 360 1142 421 ltu»

116 455 257 508 amanum
288 455 358 497 esse
377 454 468 514 opus,
501 437 553 500 sed
578 437 703 496 divinum
723 454 824 497 munus
840 438 997 515 gloriatur,
1025 443 1143 517 ignarus

142 540 264 603 prorsus
278 537 337 579 non
357 520 446 580 multo
464 529 531 598 post
548 520 712 596 fragilitatis
733 520 872 581 humanae
887 540 921 580 se
937 522 1031 600 ipsum
1045 543 1142 598 exenn-

117 608 223 686 4plum
235 605 373 664 futurum:
389 605 498 682 quippe
511 612 579 681 post
592 621 709 663 menses
722 604 874 663 admodum
890 615 1002 682 septem
1016 626 1032 667 a
1046 608 1142 667 Ptole·

142 706 243 763 maso,
269 689 350 746 euius
369 703 502 746 sororem
516 686 702 762 Lysimachus
724 687 753 745 in
782 688 962 747 matrimonio
991 690 1141 767 habuerat,

114 789 197 853 sper
216 771 334 831 insidias
356 772 568 830 circumventus
589 770 732 829 occiditur
747 788 926 847 regnumque
941 770 1141 850 Macedoniae,

114 856 220 936 equod
236 853 407 929 Lysimacho
426 855 589 932 eripuerat,
614 871 679 912 cnm
693 855 750 912 vita
774 855 883 932 pariter
899 855 1009 915 amittit.
1052 856 1143 934 igitur

143 940 328 1000 Ptolemaeus
355 945 419 996 cum
445 939 523 997 etin
546 938 667 1014 gratiam
686 934 842 997 memoriae
869 939 964 1015 magni
984 940 1143 1000 Ptolemaei

144 1024 233 1101 patris
250 1030 280 1080 et
298 1024 327 1079 in
347 1021 479 1080 favorem
493 1020 610 1080 ultionis
626 1020 789 1095 Lysimachi
810 1021 979 1081 ambitiosus
999 1024 1036 1083 ad
1050 1039 1142 1102 popu·

145 1107 224 1166 lares
251 1113 347 1179 esset,
376 1106 468 1181 primo
494 1103 664 1178 Lysimachi⁴
679 1104 755 1164 lilios
784 1104 943 1165 conciliare
969 1106 1024 1165 sibi
1047 1108 1144 1166 statuit

115 1199 131 1254 7
144 1190 316 1267 nuptiasque
334 1185 477 1246 Arsinoes
494 1188 605 1247 sororis
621 1205 707 1262 suae,
723 1189 820 1247 matris
835 1205 934 1248 eorum
948 1190 1021 1266 petit
1036 1208 1142 1267 puero·

116 1283 207 1335 eumn
219 1271 379 1348 ‘adoptione
398 1271 608 1348 promissa,-ut
622 1288 687 1330 cum
706 1271 845 1331 inlocum
862 1274 952 1349 patris
963 1289 1062 1333 eornm
1079 1291 1143 1346 suc·

146 1356 304 1429 cessisset,
327 1352 397 1412 nihil
415 1353 457 1412 illi
472 1354 567 1412 moliri
582 1355 632 1413 vel
646 1354 820 1414 verecundia
835 1358 933 1415 matris
947 1356 996 1415 vel
1012 1357 1143 1434 appella·

116 1439 327 1515 atione-patris
345 1435 493 1495 auderent.
523 1435 633 1495 Fratris
648 1455 766 1516 qnoque
782 1440 862 1514 regis
878 1439 1006 1518 Aegypti
1023 1456 1144 1499 concor·

86 1545 89 1549 “
146 1521 221 1581 diam
237 1538 291 1598 per
309 1499 449 1598 epistulas'
465 1519 651 1597 deprecatur,
670 1521 824 1599 professus
838 1521 988 1600 deponere
1004 1540 1037 1582 se
1053 1523 1144 1583 offen·

146 1623 207 1665 sam
223 1603 317 1681 erepti
330 1604 444 1681 paterni
459 1604 543 1679 regni
558 1621 653 1682 neque
665 1605 787 1682 amplius
802 1622 818 1664 a
834 1604 923 1665 lratre
939 1606 1145 1683 quaesiturum,

105 1700 139 1755 10
147 1688 224 1768 quod
246 1687 396 1746 honestius
418 1704 433 1745 a
451 1696 572 1761 paterno
597 1688 682 1747 hoste
699 1688 878 1766 perceperit.
923 1689 1062 1767 Omnique
1083 1697 1145 1748 arte

146 1771 278 1832 adulatur
291 1788 371 1843 enm,
388 1788 425 1827 ne
439 1787 502 1828 cum
518 1769 664 1847 Antigono
679 1770 819 1830 Demetrii
832 1771 908 1846 lilio,
925 1773 1069 1832 Antiocho
1084 1771 1144 1830 lilio

147 1855 281 1928 Seleuci,
307 1870 370 1911 cnm
393 1852 495 1930 quibus
519 1852 628 1913 bellum
652 1854 801 1914 habiturus
820 1865 899 1930 erat,
923 1865 951 1915 et
969 1857 1071 1915 tertius
1089 1854 1145 1913 sihi

106 1951 138 2004 ll
151 1938 243 1999 hostis
258 1937 425 1999 accederet.
470 1936 529 1997 Sed
551 1954 607 1998 nec
635 1938 742 2014 Pyrrus
766 1956 821 1998 rex
837 1938 918 2016 Epiri
936 1941 1078 2015 omissus,
1104 1940 1146 1998 in-

94 2032 140 2096 ,12
150 2041 224 2100 gens
242 2029 415 2080 momentum
432 2021 559 2097 futurus,
582 2023 638 2080 utri
660 2023 733 2099 parti
755 2022 851 2081 socius
874 2023 1067 2080 accessisset:
1097 2022 1147 2098 qni

149 2116 177 2165 et
192 2108 258 2184 ipse
269 2105 398 2182 spoliare
414 2104 544 2180 singulos
568 2106 695 2182 cupiens·
705 2104 836 2164 omnibus
852 2121 884 2163 se
898 2102 1034 2181 partibus¹
1045 2104 1147 2162 vendi·

106 2202 141 2255 13
151 2190 237 2251 tabat.
282 2187 383 2265 ltaque
399 2186 560 2246 Tarentinis
576 2189 717 2249 adversus
727 2188 873 2248 Romanos
885 2188 994 2247 laturus
1010 2188 1147 2246 auxilium

115 2308 116 2313 κ
149 2273 185 2331 ah
201 2271 348 2347 Antigono
361 2288 452 2330 naves
468 2271 503 2330 ad
520 2274 681 2331 exercitum
698 2273 726 2330 in
741 2272 852 2331 ltaliam
865 2270 1073 2349 deportandum
1087 2288 1146 2329 mu·

149 2364 198 2413 tuo
216 2355 303 2432 petit;
322 2354 358 2413 ah
377 2353 522 2412 Antiocho
539 2358 705 2434 pecuniam,
728 2357 776 2432 qni
792 2355 897 2434 opibus
911 2371 996 2432 quam
1009 2353 1147 2412 militibus

150 2438 316 2496 instructior
345 2433 470 2505 erat;ab
480 2437 651 2498 Ptolemaeo
672 2438 862 2498 Macedonum
887 2438 1005 2519 militurn
1030 2435 1147 2495 auxilia.

109 2531 143 2585 14
155 2521 213 2580 Sed
233 2520 433 2595 Ptolemaeus,
464 2522 509 2578 cui
535 2523 614 2581 nulla
637 2522 781 2581 dilationis
803 2540 840 2580 ex
864 2522 1025 2581 inlirmitate
1046 2519 1149 2578 virium
1210 2550 1213 2555 -

150 2605 235 2664 venia
251 2612 348 2679 esset,
362 2605 489 2680 quinque
506 2606 583 2665 milia
601 2606 746 2682 peditum,
764 2608 890 2683 equitum
905 2604 958 2663 llll
974 2605 1066 2678 milia,
1087 2601 1148 2660 ele·

108 2700 142 2754 15
155 2687 311 2767 phantost
325 2704 384 2745 non
397 2688 518 2764 amplius
535 2707 618 2766 quam
633 2690 661 2748 in
673 2689 779 2747 biennii
794 2707 874 2748 usum
892 2688 980 2747 dedit.
1014 2686 1057 2744 Oh
1075 2686 1150 2744 haec

151 2773 258 2846 Pyrrus
289 2773 346 2832 lilia
379 2770 539 2830 Ptolemaei
568 2773 597 2831 in
626 2773 834 2831 matrimonium
857 2780 981 2849 accepta
1006 2769 1150 2829 vindicem

152 2874 216 2915 enm
233 2856 316 2931 regni
331 2853 462 2931 reliquit,
477 2856 648 2932 pacificatus
662 2874 725 2914 curn
744 2856 874 2914 omnihus
890 2854 1031 2927 finitimis,
1048 2870 1083 2911 oe
1099 2851 1169 2910 ab·‘

153 2940 238 2998 ducta
262 2940 291 2996 in
314 2936 424 2997 ltaliam
455 2939 603 2998 iuventute
637 2938 776 3015 praedam
801 2938 933 2998 hostihus
954 2953 1075 3013 regnum
1102 2952 1149 2992 re·

154 3023 308 3099 linqueret.

125 3118 141 3168 1
215 3106 244 3166 3.
258 3103 316 3164 Sed
329 3107 463 3182 quoniam
475 3106 511 3165 ad
519 3105 601 3184 Epiri
610 3106 783 3165 mentionem
792 3114 909 3175 yentum
921 3111 977 3177 est,
990 3102 1027 3161 de
1039 3100 1153 3175 origiue

126 3190 238 3264 tregni
254 3188 316 3246 eius
342 3206 435 3265 pauca
451 3189 592 3249 narranda
609 3198 683 3248 sunt.
727 3187 921 3248 Molossorum
938 3186 1057 3263 primurn
1072 3183 1101 3239 in
1116 3199 1154 3240 ea

129 3274 279 3347 dregione
293 3289 411 3346 regnum
427 3272 487 3331 init.
517 3273 587 3332 Post
609 3272 716 3346 Pyrrus
739 3268 862 3329 Achillis
886 3270 960 3329 lilius
976 3269 1082 3327 amisso
1099 3282 1155 3343 per

156 3354 315 3412 absentiam
335 3372 427 3432 regno
445 3357 473 3413 in
489 3355 532 3413 his
548 3356 623 3415 locis
639 3355 786 3414 consedit:
805 3355 853 3430 qui
884 3348 1022 3423 Pyrridae
1047 3350 1155 3427 primo,

128 3443 261 3510 apostea
277 3434 416 3511 Epirotae
441 3437 509 3497 dicti
526 3448 599 3497 sunt.
648 3438 706 3498 Sed
728 3437 837 3510 Pyrrus
869 3453 933 3495 cum
959 3436 988 3493 io
1014 3431 1156 3510 templum
