2442 3975
65 158 220 213 xxxlxs.
242 157 290 211 xl.
304 162 357 213 aa
410 166 604 225 stonum,
618 169 708 241 nutu.
1004 154 1065 215 too

68 337 139 379 suas
160 321 188 378 in
210 320 371 398 perniciem
391 328 515 381 mutuam
538 328 762 395 converterunt,
785 321 860 381 adeo
883 329 913 379 ut
936 321 1093 384 adsiduis5

68 402 192 481 proeliis
208 404 368 480 consumpti
385 405 414 461 in
430 411 624 478 contemptum
636 403 816 463 finitimorum
828 406 958 462 venerint
975 421 1060 481 prae·

68 486 191 562 ducque,
208 484 336 545 Arabum
353 487 465 561 gentis
481 484 580 544 inbelli
601 494 703 561 mutes,
725 486 845 545 luerint:
866 503 986 564 quorum
1010 497 1091 550 reno

67 568 214 629 Erotimus
231 568 335 627 dducia
350 570 601 646 septingentorum
616 567 749 644 liliorum,
765 586 839 647 quos
849 587 886 627 ex
901 568 1063 646 paelicibus

67 661 256 728 susceperat,
272 650 374 710 divisis
390 650 568 726 exercitibus
582 668 657 709 nunc
671 652 848 729 Aegyptum,
864 670 939 716 nunc
952 652 1063 725 Syriam

68 733 225 799 infestabat
254 751 443 811 magnumque
473 742 577 793 nomen
598 733 726 793 Arabum
749 735 858 793 viribus
883 734 1062 792 finitimorum

68 816 267 892 exsanguibus
281 817 403 876 iecerat.

492 1090 682 1101 ——-—-—-——--

274 1304 296 1433 ’,
371 1309 804 1414 u'uuunuxxx.
860 1347 863 1353 ·

133 1557 159 1613 1.
183 1521 298 1617 Marius
314 1557 433 1615 fratrum
449 1557 521 1616 odiis
540 1565 569 1616 et
583 1573 651 1614 mox
667 1556 733 1616 liliis
748 1556 900 1615 inimicitiis
913 1565 1088 1634 parentuml

70 1637 313 1713 succedentibus,
327 1656 390 1698 enm
407 1639 576 1716 inexpiabili
593 1639 673 1698 bello
689 1648 719 1697 et
735 1657 825 1715 reges
839 1647 868 1697 et
880 1656 998 1714 regnum
1009 1639 1062 1711 Sy·

8 1744 11 1749 ⁴
70 1723 132 1780 riae
147 1721 345 1799 consumptum
361 1731 455 1803 esset,
479 1722 517 1781 ad
532 1731 651 1781 externa
666 1722 793 1800 populus
813 1722 917 1780 auxilia
943 1738 1063 1780 consur·

69 1806 107 1864 rit
132 1805 367 1882 peregrinosque
392 1822 480 1880 reges
502 1804 557 1863 sibi
579 1806 805 1883 circumspicere
821 1806 927 1881 coepit·
961 1803 1091 1880 linquet

71 1905 135 1947 oum
152 1902 220 1964 pars
237 1886 438 1946 Mithridatem*
452 1887 617 1961 Ponticum,
640 1905 708 1964 pars
728 1887 926 1947 Ptolemaeum
948 1885 984 1945 ab
1004 1886 1062 1944 Ae·

70 1979 161 2047 gypto
176 1969 380 2030 arcessendum
393 1979 543 2046 censeret,
559 1979 785 2047 occurreretque
796 1971 873 2049 quod
886 1989 939 2030 rex
954 1968 1061 2029 blitbri·

71 2054 153 2129 dates
167 2054 312 2131 inplicitus
327 2053 406 2113 bello
423 2054 552 2113 Romano
569 2064 658 2131 esset,
677 2053 1062 2130 Ptolemaeusquoquehos-

70 2139 108 2195 tis
132 2154 250 2213 semper
269 2137 373 2198 luisset
388 2132 519 2211 Syriae:⁴
533 2154 632 2195 omues
656 2139 686 2195 in
706 2136 860 2214 Tigranem
886 2154 987 2212 regem
1008 2135 1092 2198 uir-3

71 2221 182 2278 meniae
199 2236 395 2293 consensere,
415 2222 582 2279 instructum
608 2229 725 2297 praeter
746 2221 921 2280 domesticas
936 2221 1014 2277 vires
1035 2228 1063 2276 et

71 2302 203 2361 Parthica
219 2304 363 2362 societate
379 2312 408 2361 et
431 2301 603 2361 blitbridatis
621 2303 777 2362 adfinitate.
807 2303 897 2379 Igitur
911 2302 1023 2360 accitus
1035 2302 1091 2363 iul

70 2403 190 2461 regnum
209 2386 313 2460 Syriae
330 2404 384 2463 per
399 2386 426 2444 X
444 2393 473 2443 et
489 2384 543 2444 llll
559 2403 649 2444 annos
662 2386 896 2462 tranquillissimo
909 2402 1001 2459 regno
1012 2401 1063 2462 po·

71 2469 136 2527 titus
153 2477 210 2535 est;
227 2486 322 2546 neque
333 2463 508 2547 bello'alium
521 2468 670 2544 lacessere
685 2486 780 2546 neque
792 2469 945 2527 lacessitus
955 2469 1064 2527 inferre

71 2551 118 2609 alii
134 2551 240 2614 bellum
251 2562 378 2611 necesse
395 2551 503 2610 babuit.
537 2595 541 2600 .

133 2634 162 2692 2.
185 2635 243 2693 Sed
258 2637 332 2694 sicut
346 2634 383 2694 ab
398 2633 530 2693 hostibus
544 2643 602 2692 tuta
618 2634 702 2708 Syria
716 2635 785 2708 luit,
812 2634 848 2694 ita
865 2643 962 2692 terrae
975 2642 1061 2701 ,motu
1074 2645 1089 2696 1

72 2724 182 2774 vastata
197 2727 256 2791 est,
273 2733 330 2794 quo
346 2714 447 2775 CLXX
462 2717 537 2776 milia
553 2717 696 2776 bominum
712 2725 741 2775 et
755 2717 861 2775 multae
878 2716 965 2774 urbes
987 2717 1063 2792 peri·

74 2807 165 2857 eruut.
209 2799 293 2871 Quod
311 2799 473 2877 prodigium
493 2801 679 2859 mutationem
701 2818 797 2858 rerum
818 2797 994 2876 portendere
1013 2797 1062 2855 ba·

73 2883 206 2958 ruspices
223 2881 444 2960 responderunt.
476 2882 565 2958 Igitur
588 2882 753 2957 Tigranen
770 2880 891 2940 Lucullo
913 2882 989 2937 victo
1010 2890 1091 2942 rent

73 2966 174 3037 Syriae
190 2964 367 3037 Antiochus,
384 2962 629 3044 Cyziceniirlius,
651 2963 686 3023 ab
709 2963 812 3023 eodem
828 2961 948 3021 Lucullo
961 2961 1062 3039 appel·

24 3120 30 3125 ,
73 3046 155 3106 latur.
187 3049 246 3108 Sed
261 3048 340 3126 quod
353 3046 488 3125 Lucullus
506 3048 642 3122 dederat,
658 3057 762 3125 postea
778 3046 883 3104 ademit
898 3045 1093 3121 Pompeiana

73 3131 121 3205 qui
134 3133 267 3206 poscenti
283 3148 403 3207 regnum
420 3130 570 3208 respoudit
586 3148 623 3189 ne
637 3130 746 3198 volenti
758 3129 872 3206 quidem
884 3129 997 3202 Syriae,
1013 3145 1062 3186 ne-

74 3212 138 3271 dum
153 3215 298 3272 recusanti
311 3213 439 3273 daturum
455 3231 487 3273 se
505 3231 622 3288 regem,
643 3214 689 3289 qui
706 3211 733 3271 X
748 3222 777 3271 et
800 3210 854 3272 llll
876 3227 982 3285 annos,
1002 3211 1062 3287 qui·

73 3293 126 3351 bus
146 3294 286 3371 Tigranes
313 3297 430 3368 Syriam
458 3297 567 3371 tenuit,
603 3297 632 3353 in
659 3296 765 3370 angulo
791 3292 911 3353 Ciliciae
931 3294 1061 3367 latuerit,

73 3378 149 3436 ricto
166 3387 259 3437 autern
275 3376 379 3437 eodem
396 3372 520 3458 Tigrane
538 3396 553 3436 a
568 3376 705 3436 Romanis
720 3378 805 3436 alieni
821 3379 920 3455 operis
935 3376 1062 3454 praemia
