2442 3975
104 176 234 253 hylae
458 182 769 231 Husu.PH1u.·EP1u.
852 205 854 210 -
1043 172 1104 233 toa

105 357 196 417 parva
210 356 294 398 manu
309 340 383 396 inter
405 345 449 396 tot
470 335 667 396 ferocissimas
690 345 796 412 gentes
817 339 939 395 reverti:
963 337 1104 406 lleracle·

105 440 192 481 enses
214 422 412 481 honestiorem
435 419 570 478 beneficii
592 436 677 496 quam
701 420 817 497 ultionis
841 422 1027 479 occasionem
1050 423 1110 481 rati·

105 507 260 577 instructos
276 501 482 564 commeatibus
500 500 671 579 auxiliisque
686 503 843 578 dimittunt,
867 501 943 561 bene
967 521 1101 578 agrorum
1113 515 1147 566 12

105 606 222 647 suorum
238 586 456 665 populationem
470 586 620 664 inpensam
640 588 855 659 existimantes,
878 588 901 643 si
914 603 987 662 quos
1004 585 1104 645 hostes

106 671 266 730 habuerant
280 671 389 729 amicos
405 668 609 729 reddidissent.

43 751 46 755 '
169 755 198 812 4.
221 753 304 812 Passi
318 761 383 811 suut
403 754 479 811 iuter
500 753 621 830 plurima
637 751 711 811 mala
735 753 820 810 etiam
844 751 1040 825 tyrannidem:
1064 751 1129 826 si}

107 836 221 913 quidem
237 854 300 895 cunr
312 835 398 912 plebs
413 844 442 893 et
457 834 572 895 tabulas
586 852 676 894 novas
690 845 719 893 et
733 835 902 895 divisionem
916 852 1052 911 agrorum
1063 833 1103 892 di·

106 922 193 977 vitum
216 920 382 996 inpotenter
404 918 580 997 flagitarent,
593 919 640 977 diu
659 936 692 976 re
713 920 741 976 in
765 928 866 977 senatu
880 927 1017 993 tractata,
1041 929 1133 981 eum3

108 1003 201 1061 exitus
216 1005 258 1061 rei
273 1019 330 1060 non
341 1002 527 1075 inveniretur,
544 1009 720 1077 postremum
734 1002 873 1060 adversus
886 1000 1004 1079 plebem
1019 1001 1105 1060 nimio

108 1087 170 1144 otio
192 1085 391 1145 lascivientem
419 1084 524 1144 auxilia
554 1102 570 1141 a
591 1083 744 1143 Timotheo
765 1083 983 1144 Atheniensium
1019 1084 1126 1158 duce„

107 1186 175 1227 mox
198 1170 233 1228 ab
254 1168 453 1246 Epaminonda
474 1166 678 1227 Thebanorum
702 1170 844 1244 petivere.
888 1168 1025 1246 Utrisque
1055 1183 1133 1230 ne·4

81 1277 86 1287 ¹
107 1251 240 1328 gantibus
257 1252 291 1311 ad
308 1250 491 1325 Clearchum,
502 1267 588 1328 quem
604 1252 660 1328 ipsi
674 1252 702 1309 in
720 1251 836 1310 exilium
851 1260 983 1328 egerant,
1002 1250 1103 1310 decur-

106 1344 179 1394 runt.
225 1335 315 1395 l'anta
334 1336 535 1394 calamitatium
550 1336 711 1394 necessitas
731 1335 799 1411 tuit,
820 1337 910 1394 utoni
926 1336 1047 1412 patriam
1063 1337 1131 1397 ἰπὶ-5

106 1418 295 1492 terdixerant,
311 1438 375 1477 eum
389 1418 425 1478 ad
438 1419 555 1477 tutelam
569 1420 679 1495 patriae
692 1427 841 1500 vocarent.
858 1420 917 1479 Sed
931 1417 1102 1492 Clearchus,
1115 1428 1133 1481 6

107 1501 405 1561 exilioiacinorosior
425 1502 554 1562 redditus
574 1510 603 1559 et
623 1502 836 1560 dissensionem
852 1501 953 1578 populi
970 1502 1102 1559 occasio-

106 1602 172 1641 nem
185 1585 366 1643 invadendae
379 1584 537 1658 tyrannidis
553 1585 730 1658 existimans,
749 1586 841 1659 primo
855 1585 959 1643 tacitus
975 1601 1037 1641 cum
1053 1581 1131 1646 lli-‘l

106 1666 249 1739 thridate,
268 1668 370 1725 civium
389 1680 504 1725 suorum
520 1665 622 1739 hoste,
639 1653 822 1742 colloquitur
836 1675 865 1725 et
882 1668 949 1726 inita
962 1666 1104 1724 societate

106 1749 274 1827 paciscitur,
293 1757 323 1806 ut
338 1758 492 1808 revocatus
507 1751 534 1806 in
547 1750 667 1824 patriam
680 1749 793 1825 prodita
810 1751 837 1807 ei
849 1748 920 1808 urbe
936 1749 1103 1826 praefectus

108 1834 171 1890 eius
200 1832 434 1890 constitueretur.
478 1831 584 1890 Postea
614 1840 707 1890 autem
731 1833 864 1904 insidias,
891 1850 962 1909 quas
993 1831 1132 1895 civibus&

108 1924 273 1993 paraverat,
291 1917 320 1973 in
335 1916 428 1992 ipsum
442 1914 634 1973 Mithridatem
650 1923 787 1974 verterat.
825 1913 955 1993 Namque
975 1924 1132 1977 cumve-9
1164 1962 1169 1977 .

107 1999 149 2059 lut
170 1998 277 2058 arbiter
299 1999 393 2058 civilis
416 1997 579 2058 discordiae
599 1998 688 2056 exilio
710 2016 848 2063 reversus
874 2007 970 2071 esset,
996 2007 1102 2057 statuto

107 2090 256 2158 ternpore,
282 2099 339 2159 quo
355 2082 455 2141 urbem
470 2080 626 2141 Mithridati
641 2082 787 2155 traderet,
812 2083 903 2159 ipsum
926 2100 990 2140 cum
1005 2083 1104 2141 amicis

108 2161 168 2223 suis
184 2165 276 2241 cepit,
300 2175 414 2243 captum
434 2174 555 2242 accepta
577 2166 685 2240 ingenti
706 2166 831 2241 pecunia
846 2156 960 2224 dimisit.
1004 2163 1100 2240 Atque
1115 2177 1147 2226 ιο

107 2256 139 2305 ut
152 2249 181 2304 in
197 2247 247 2307 illo
264 2247 387 2307 subitum
404 2264 437 2307 se
453 2266 491 2306 ex
507 2249 589 2307 socio
608 2249 678 2306 iecit
694 2247 819 2322 hostem,
835 2249 878 2307 sic
895 2267 932 2308 ex
947 2246 1103 2308 defensore

108 2333 274 2391 senatoriae
291 2349 399 2391 causae
423 2340 545 2410 repente
564 2341 700 2409 patronus
716 2331 812 2408 plebis
835 2333 927 2391 evasit
949 2340 978 2390 et
999 2331 1099 2390 adver·
1113 2344 1144 2395 11

108 2433 158 2472 sus
175 2424 311 2474 auctores
327 2418 474 2492 potentiae
492 2433 578 2491 suae,
605 2413 740 2492 aquibus
757 2424 913 2475 revocatus
928 2416 957 2473 in
971 2415 1102 2490 patriam,

107 2515 161 2576 per
179 2516 253 2575 quos
268 2500 296 2556 in
316 2516 385 2558 arce
401 2500 572 2559 conlocatus
589 2498 700 2572 iuerat,
727 2515 784 2555 non
804 2499 897 2558 solum
919 2497 1037 2576 plebem
1054 2516 1102 2557 ac·

109 2581 222 2655 cendit,
240 2579 438 2641 verumetiam
452 2582 656 2641 nefandissima
672 2598 804 2658 quaeque
818 2583 984 2656 tyrannicae
1000 2582 1110 2641 crude-⁸

107 2663 195 2722 litatis
217 2666 356 2724 exercuit.
401 2665 491 2741 lgitur
510 2665 621 2743 populo
643 2664 679 2723 ad
700 2666 863 2725 contionem
882 2675 987 2724 vocato
1004 2681 1099 2740 neque
1112 2675 1145 2724 la

109 2745 270 2805 adiuturum
281 2765 314 2804 se
328 2747 448 2824 amplius
463 2750 606 2823 grassanti
623 2750 650 2806 in
664 2749 801 2826 populum
818 2752 928 2808 senatui
945 2749 998 2812 ait;
1015 2748 1102 2805 inter·

22 2876 25 2881 .
111 2846 260 2888 cessurum
277 2830 377 2903 etiam,
399 2831 468 2889 siin
493 2833 611 2908 pristina
631 2832 752 2890 saevitia
770 2840 956 2908 perseveret;
983 2829 1060 2904 quod
1076 2829 1100 2884 si
1112 2839 1146 2897 13

108 2929 196 2989 pares
218 2931 251 2971 se
278 2912 441 2972 crudelitati
457 2923 621 2974 senatorum
641 2914 862 2987 arbitrarentur,
886 2913 1025 2971 abiturum
1040 2927 1103 2970 cnm

106 2995 242 3054 militibus
267 2997 326 3055 suis
355 3005 450 3074 neque
478 2997 609 3056 civilibus
630 2997 785 3056 discordiis
811 2996 1024 3068 interfuturum
1052 2996 1095 3052 sin
1110 3003 1145 3056 14

106 3094 178 3136 vero
195 3078 323 3138 dillidant
336 3079 446 3138 viribus
462 3083 605 3159 propriis,
621 3081 766 3140 vindictae
781 3098 814 3138 se
830 3080 931 3137 civium
949 3094 1007 3135 non
1022 3077 1102 3137 delu-

106 3167 209 3219 turnm.
241 3161 367 3221 Proinde
381 3164 532 3223 consulant
548 3163 689 3241 sibiipsi:
711 3161 923 3225 iubeantabire
941 3177 986 3231 se,
1002 3175 1037 3215 an
1050 3155 1105 3214 sibi
1113 3173 1146 3225 15

101 3242 206 3302 malint
220 3244 299 3303 velut
320 3263 425 3307 causae
443 3248 593 3325 popularis
610 3249 720 3306 socium
739 3243 910 3305 remanere?
934 3244 985 3303 His
999 3244 1099 3303 verbis
1113 3251 1146 3306 16

108 3324 262 3386 sollicitata
274 3327 358 3404 plebs
374 3346 510 3390 summum
524 3330 560 3389 ad
575 3347 639 3388 eum
652 3330 802 3407 imperium
815 3328 963 3406 defert-et,
978 3328 1043 3387 dum
1057 3344 1104 3386 se·

108 3417 191 3468 natus
206 3413 354 3487 potentiae
369 3414 518 3491 irascitur,
541 3414 569 3472 in
585 3415 754 3472 servitutem
780 3429 812 3469 se
831 3412 997 3486 tyrannicae
1014 3411 1104 3471 domi·
