2442 3975
159 139 220 201 184
407 194 412 203 ,
498 149 634 219 *raom
648 148 779 197 aeream
931 140 1162 197 muna-s

128 305 235 369 4Puer
248 312 373 362 tutorum
389 301 507 361 insidias
522 317 633 379 passas
645 310 704 377 est,
721 303 769 380 qui
784 319 850 360 eum
864 301 929 360 iero
938 319 1022 381 ,equa
1039 303 1178 380 iuposi·‚

103 396 219 459 ,etum
234 386 364 463 equitare
377 384 555 462 iacularique
572 381 739 459 cogebant?
756 385 804 461 qui
820 393 940 445 conatus
957 402 1090 444 cameos
1106 386 1155 445 ie·

159 469 320 543 sedissent,
343 486 431 546 supra
448 475 572 527 aetatem
590 476 712 542 regente
734 484 839 546 equum
852 466 1016 526 Mithridate
1033 486 1155 529 veneno

131 564 226 618 deum
247 551 429 629 appetivere.
473 547 558 621 Quod
583 558 715 608 metuens
738 549 865 609 antidota
886 552 1003 628 saepius
1026 550 1098 609 bibit
1121 561 1153 610 et

159 637 199 696 ita
213 654 247 695 ss
265 634 404 694 adversus
419 632 537 691 insidias
555 633 705 708 exquisitis
721 633 874 693 tutioribus
885 633 1021 693 remediis
1033 644 1151 710 stagna·

131 730 147 783 7
162 720 217 796 vit,
234 727 264 778 ut
276 735 312 776 ue
328 716 433 775 volens
449 715 564 793 quidem
585 733 678 774 senex
698 733 812 776 veneno
826 717 899 775 mori
921 718 1058 792 potnerit.
1103 715 1151 776 Τι’-

159 819 241 861 mens
259 799 376 876 deinde,
393 816 429 857 ue
445 799 550 857 inimici
558 798 661 875 ,quod
677 816 790 859 veneno
805 816 863 858 non
877 807 1047 877 potuerant,
1067 799 1152 861 ierro

159 892 354 963 peragerent,
380 881 503 940 venandi
518 880 641 939 studium
658 882 755 957 linxit,
779 898 837 961 quc
859 901 915 961 per
930 891 1044 960 septem
1058 900 1154 942 annos

131 979 256 1045 sueque
270 965 351 1039 urbis
366 982 461 1042 uequc
475 966 551 1023 roris
565 971 645 1023 tecto
662 983 730 1025 usus
747 975 808 1043 est,
826 967 878 1026 sed
893 983 948 1042 per
959 965 1048 1025 silvas
1060 983 1152 1042 vaga·

160 1061 206 1111 tus
219 1036 343 1108 diversis
356 1049 491 1106 montium
502 1045 670 1122 regionibus
684 1048 893 1126 pernoctabat
884 1050 992 1124 ignaris
1006 1048 1152 1123 omnibus,

160 1133 264 1213 quibus
276 1141 355 1191 esset
367 1132 455 1196 locis;
471 1131 607 1190 adsuetus
621 1131 700 1190 ieras
713 1150 799 1190 cursu
812 1131 973 1207 adtingere
985 1142 1034 1191 aut
1047 1149 1152 1210 perse·

132 1219 226 1295 oqui,
245 1233 308 1274 cum
324 1212 493 1311 qqibusdam
511 1215 596 1272 etiam
611 1214 721 1273 viribus
737 1214 886 1291 congredi.
930 1213 1042 1287 Quibus
1060 1215 1154 1274 rebus

162 1309 191 1358 et
213 1299 330 1357 insidias
350 1297 451 1355 vitavit
474 1304 504 1355 et
527 1313 634 1373 corpas
654 1299 691 1358 ad
719 1315 831 1357 omnem
851 1299 964 1357 virtutis
984 1299 1153 1386 patientiam

159 1382 280 1441 duravit.

133 1479 147 1530 1
223 1463 252 1523 3.
276 1461 322 1522 Ad
343 1463 426 1539 regni
448 1462 553 1521 deinde
575 1461 849 1523 administrationem
877 1482 941 1522 cum
961 1464 1151 1536 accessisset,
1171 1454 1174 1461 ’

162 1549 256 1606 statim
278 1564 336 1606 nou
356 1545 392 1604 de
412 1545 561 1621 regendo,
589 1547 643 1605 sed
664 1545 700 1605 de
721 1547 855 1645 augendo
882 1563 975 1622 regno
999 1547 1149 1622 cogitavit.

132 1629 264 1708 altaque
284 1629 408 1703 Scythas
428 1630 551 1687 invictos
573 1638 677 1700 antea,
708 1632 756 1706 qui
778 1629 961 1706 Zopyriona,
990 1628 1151 1689 Alexandri

162 1713 259 1789 magni
282 1711 402 1786 ducem,
426 1729 489 1771 cum
514 1709 598 1770 XXX
622 1711 737 1771 milibus
767 1722 939 1772 armatorum
966 1712 1150 1785 deleverant,

163 1797 211 1874 qni
235 1792 357 1868 Cyrum,
381 1794 534 1854 Persarum
554 1812 673 1871 regem,
696 1813 759 1854 cum
783 1794 832 1855 CC
852 1795 967 1856 milibus
987 1794 1150 1854 trucidave-

162 1886 241 1953 rant,
263 1879 310 1955 qui
330 1877 507 1954 Philippum,
528 1875 719 1937 Macedonum
738 1897 856 1956 regem,
881 1878 1041 1955 fugientem
1061 1894 1149 1953 cepe-

134 1970 240 2036 oraut,
264 1961 374 2038 ingenti
397 1960 537 2020 lelicitate
567 1960 741 2039 perdomuit.
787 1961 898 2022 hactus
925 1962 1011 2038 igitur
1040 1959 1151 2020 viribus

129 2056 148 2108 4
163 2045 283 2104 Pontum
299 2061 415 2121 quoque
432 2061 466 2102 ac
481 2042 622 2122 deinceps
638 2043 852 2122 Cappadociam
871 2047 1034 2123 occupavit.
1079 2041 1151 2102 Gnm

164 2128 200 2187 de
216 2127 286 2187 Asia
301 2135 454 2202 tractaret,
470 2128 574 2186 tacitus
589 2146 652 2186 cum
669 2128 840 2205 quibusdam
854 2130 953 2189 amicis
974 2144 1066 2204 regno
1081 2143 1150 2204 pro·

116 2232 119 2237 ·
163 2211 257 2270 lectus
271 2210 435 2269 universam
450 2212 563 2269 nemine
582 2212 726 2271 sentiente
750 2219 926 2290 pervagatus
947 2220 994 2269 est
1013 2210 1150 2269 omnium·

132 2307 220 2370 tque
236 2292 347 2352 urbium
366 2295 450 2352 sitnm
464 2311 504 2352 ac
512 2295 651 2369 regiones
666 2296 814 2372 cognovit.
857 2294 928 2353 Inde
948 2295 976 2352 in
991 2292 1150 2367 Bithyniam

58 2398 60 2401 ⁴
163 2374 341 2436 transcendit
356 2384 385 2436 et
401 2378 482 2452 quasi
498 2376 629 2435 domiuus
648 2377 737 2437 Asiae
758 2388 921 2456 opportuna
942 2394 1075 2453 quaeque
1089 2377 1151 2434 vic·

133 2459 259 2524 ctoriae
275 2475 346 2518 suae
370 2467 493 2517 metatus
514 2467 567 2517 est.
611 2459 682 2519 llost
705 2461 779 2519 haec
804 2463 833 2520 in
852 2478 990 2536 regnum,
1012 2477 1074 2520 cum
1095 2459 1152 2516 iam

128 2590 131 2596 .
164 2542 278 2619 perisse
298 2542 482 2613 crederetur,
499 2559 638 2601 reversus
650 2551 694 2600 est
706 2544 821 2603 invento
837 2543 959 2622 parvulo
972 2543 1049 2616 lilio,
1066 2559 1151 2618 quem

163 2642 218 2703 per
239 2623 399 2684 absentiam
422 2624 485 2681 eius
507 2641 593 2683 soror
621 2641 753 2701 uxorque
777 2625 904 2686 Laudice
933 2627 1018 2685 enixa
1045 2624 1152 2683 fuerat.

135 2717 151 2773 7
168 2707 227 2768 Sed
244 2708 318 2766 inter
335 2705 556 2783 gratulationem
576 2708 718 2767 adventus
738 2711 783 2768 sui
805 2720 834 2779 et
855 2709 905 2769 lilii
924 2710 1015 2784 geniti
1035 2722 1150 2767 venenu

163 2790 344 2869 periclitatus
359 2798 421 2865 cst,
440 2790 580 2866 siquidem
596 2789 722 2851 Laudice
740 2809 840 2868 soror,
865 2809 930 2851 cum
951 2792 1065 2867 perisse
1087 2807 1150 2848 eum
1173 2809 1175 2812 ·

164 2874 316 2947 crederet,
332 2873 360 2931 in
376 2872 547 2931 concubitus
561 2874 718 2932 amicorum
733 2878 882 2952 proiecta,
900 2876 983 2952 qnasi
998 2873 1151 2933 admissum

163 2956 275 3015 lacinus
295 2956 404 3016 maiore
426 2955 541 3015 scelere
563 2966 667 3033 tegere
685 2967 802 3034 posset,
825 2974 967 3016 venenum
988 2954 1150 3020 advenienti

132 3049 151 3103 8
165 3039 287 3117 paravrt
326 3037 418 3112 Quod
434 3057 497 3098 cunr
514 3058 552 3099 ex
567 3040 671 3099 ancilla
682 3038 863 3101 Mithridates
879 3041 1137 3115 cognovisset,a
1109 3038 1149 3096 la·

164 3123 245 3181 ciuus
259 3122 288 3180 in
303 3130 438 3182 auctores
453 3122 618 3184 vindicavit.
674 3147 676 3150 ·

136 3218 148 3267 t
228 3206 258 3265 4.
280 3203 380 3263 Hieme
393 3204 496 3263 deinde
510 3205 665 3284 adpetente
682 3223 740 3265 non
756 3207 785 3265 in
800 3205 949 3283 convivio,
968 3205 1045 3264 sed'
1038 3221 1064 3261 m
1077 3219 1149 3260 cam·

163 3305 219 3365 po,
235 3290 331 3346 necin
348 3288 581 3364 evocationibus,
597 3289 693 3348 sedin
711 3290 983 3365 exercitationibus,
1006 3305 1062 3345 uec
1079 3286 1152 3344 iuter

163 3369 297 3443 sodales,
315 3368 367 3427 sed
383 3370 457 3428 iuter
469 3371 649 3450 coaequales
661 3381 709 3431 aut
725 3388 801 3448 equo
818 3382 867 3432 aut
881 3391 967 3432 cursu
982 3380 1031 3430 aut
1043 3366 1152 3426 viribus
