2442 3975
92 154 102 186 Ι

144 211 205 283 lac
513 223 774 274 rsoc1uouru1.
890 212 1143 272 xxuexxlur

117 385 313 460 cursoriam,
339 398 518 444 communem
532 379 672 458 praedam
687 379 819 439 loturam.
854 377 972 439 Paulum
987 381 1076 441 modo
1091 380 1143 441 ad·

143 473 320 544 niterentur,
336 467 401 527 durn
420 466 491 525 belli
508 464 651 541 reliquiae
667 470 863 541 peraguntur,
881 480 946 546 curn
962 467 1055 524 scient
1070 463 1143 526 Gar·

118 554 291 630 ttha'giueru
313 560 426 628 captam
444 567 515 626 spes
532 548 656 608 omnium
673 547 866 625 expleturum.
898 546 1007 607 Sedato
1025 548 1143 608 militari

143 636 262 698 tumultu
277 635 437 694 interiectis
452 632 557 693 diebus
571 632 607 691 ad
625 640 721 691 castra
736 631 862 690 hostium
874 633 1034 691 exercitum
1046 631 1142 691 ducit:

143 720 183 781 ibi
199 719 391 779 inconsultius
406 717 551 794 proelium
564 715 769 775 committendo
780 716 919 774 maiorem
930 725 1043 793 partem
1055 723 1142 775 exer-

116 806 219 863 itcitus
242 802 387 880 perdidit'
410 798 484 859 Gom
505 803 603 877 itaque
624 801 652 857 iu
670 807 765 858 castra
783 799 908 875 fugisset
922 817 1097 877 versamque
1113 799 1143 857 in

142 906 176 947 se
190 886 326 946 iuvidiam
337 895 449 945 temere
462 884 609 944 commissi
621 883 691 942 belli
702 883 816 942 videret
828 883 1035 961 pristinamque
1049 883 1141 942 oden·
1180 945 1183 950 ,

142 967 202 1031 salu
226 986 285 1029 uon
309 969 431 1047 depeusi
452 967 589 1046 stipendii
607 974 769 1041 metueret,
795 963 938 1026 concubia
954 976 1042 1026 nocte
1058 965 1142 1025 solus

116 1066 159 1120 oa
175 1055 279 1114 castris
301 1071 366 1113 eum
385 1051 575 1129 Archagatho
599 1051 661 1110 lilio
683 1050 823 1128 profugit.
858 1049 944 1123 Quod
963 1050 1013 1110 ubi
1034 1050 1143 1109 milites

143 1154 331 1214 cognovere,
354 1136 435 1196 haud*
449 1153 538 1194 secus
554 1151 639 1213 quarn
656 1135 682 1192 si
698 1134 734 1193 ab
750 1134 835 1193 hoste
852 1136 929 1212 capti
943 1143 1060 1211 esseut⁷
1082 1142 1141 1193 tre·

142 1221 300 1299 pidavere‚
320 1220 366 1278 bis
383 1237 417 1278 se
432 1237 449 1279 a
463 1236 537 1293 rege
551 1234 606 1293 suo
622 1219 651 1276 in
665 1218 769 1277 mediis
784 1217 918 1277 hostibus
935 1218 1058 1278 relictos
1072 1235 1143 1277 csse

142 1304 373 1382 proclamantes,
394 1303 578 1378 salutemque
593 1319 676 1363 suam
691 1301 837 1362 desertam
853 1300 890 1361 ab
906 1320 943 1361 eo
959 1319 1044 1377 esse,
1068 1317 1140 1380 quo·

100 1401 134 1451 10
145 1405 206 1446 rum
222 1405 259 1466 ue
275 1386 425 1464 sepultura
443 1384 558 1462 quidem
573 1384 764 1463 relinquemda
780 1385 877 1446 luerit.
912 1383 984 1445 Cum
1001 1385 1154 1464 persequi·

142 1487 244 1547 regem
269 1468 399 1545 vellent⁷
413 1487 444 1537 ,a
467 1467 597 1528 Numidis
626 1470 746 1546 excepti
769 1470 799 1527 in
827 1478 1141 1544 castrarcvertuntur,

144 1552 349 1630 comprehenso
370 1562 465 1612 tamen
482 1552 688 1629 Archagatho,
712 1552 761 1630 qui
780 1571 796 1612 a
818 1561 905 1631 patre
925 1555 1020 1613 noctis
1038 1569 1141 1612 errore

101 1650 133 1702 11
147 1637 335 1697 discesserat.
370 1635 557 1713 Agathocles
571 1645 667 1697 autern
682 1636 823 1711 navibus,
846 1636 952 1716 quibus
971 1654 1109 1696 reversus
1125 1653 1142 1696 a

143 1720 244 1780 Sicilia
266 1720 378 1797 iuerat,
400 1737 465 1779 oum
487 1719 656 1780 custodibus
679 1719 835 1780 earundem
859 1722 1021 1796 Syracusas
1044 1720 1141 1780 deier-

101 1815 135 1868 12
146 1813 207 1863 tur:
229 1802 395 1880 exemplum
410 1803 511 1879 flagitii
527 1802 692 1880 singulare,
709 1822 764 1864 rex
782 1806 929 1864 exercitus
949 1807 991 1864 sui
1006 1804 1143 1865 desertor

100 1898 135 1953 13
146 1887 330 1964 liliorumque
350 1895 434 1964 pater
457 1886 602 1964 proditor.
645 1886 763 1947 luterim
784 1888 813 1946 in
833 1888 933 1948 Africa
957 1897 1024 1965 post
1044 1888 1143 1965 lugam

106 1978 110 1986 '
142 1971 223 2047 regis
244 1970 351 2031 milites
375 1972 512 2048 pactione
536 1989 600 2031 cunr
618 1970 751 2032 hostibus
768 1971 861 2047 lacta,
884 1971 1045 2031 interiectis
1061 1971 1142 2048 Aga·

40 2096 44 2105 ·
101 2066 135 2119 14
144 2054 251 2115 thoolis
268 2053 370 2113 liberis
387 2052 676 2131 Carthaginiensibus
694 2073 727 2116 se
743 2056 900 2117 tradidere
934 2053 1143 2131 Archagathus

144 2156 208 2198 cunr
229 2135 415 2197 occideretur
434 2137 471 2196 ab
487 2138 659 2215 Arcesilao‚
684 2140 777 2199 amico
793 2148 877 2199 antea
891 2140 1000 2216 patris,
1025 2139 1144 2214 rogavit

145 2239 227 2296 eum,
247 2219 315 2319 guid
330 2237 395 2280 uam
410 2221 511 2280 liberis
527 2223 589 2281 eius
604 2223 745 2284 iacturum
760 2222 957 2321 Agathoclem
971 2231 1071 2300 putet,
1088 2241 1143 2300 per

144 2322 230 2383 quem
252 2305 319 2380 ipse
339 2303 442 2363 liberis
466 2304 585 2365 careat?
614 2306 695 2366 Tunc
716 2307 869 2383 respondit
883 2298 954 2366 satis
969 2305 1079 2366 habere
1094 2323 1142 2381 se,

101 2387 226 2464 nequod
241 2388 414 2462 superstites
430 2404 483 2446 eos
497 2406 565 2448 esse
579 2390 752 2466 Agathoclis
764 2389 865 2449 liberis
878 2391 959 2449 sciat.
985 2389 1055 2449 Post
1066 2389 1143 2449 haec

143 2469 234 2530 Poeni
250 2469 286 2529 ad
301 2469 524 2549 persequendas
552 2472 634 2533 belli·
627 2474 781 2553 reliquias
796 2472 913 2532 duces
904 2491 932 2532 ιιι
948 2474 1075 2533 Siciliam
1090 2474 1142 2531 mi-

143 2543 270 2695 peslupi,
295 2570 358 2612 cunr
370 2554 486 2632 quibus
508 2555 691 2633 Agathocles
712 2573 815 2635 pacem
836 2557 939 2634 aequis
964 2557 1142 2617 condicioni·

165 2654 198 2696 us
225 2636 292 2698 ecit.

555 2799 756 2808 *-

442 2956 851 3121 ursus-uuus.

116 3232 131 3283 l
200 3225 226 3282 i.
262 3189 450 3301 Agathocles
476 3243 531 3284 rex
554 3225 673 3285 Siciliae
702 3227 873 3305 pacificatus
905 3243 968 3285 curn
990 3223 1142 3301 Carthagi-

141 3305 291 3365 niensibus
314 3315 427 3384 partem
452 3309 607 3367 civitatium
629 3327 646 3368 a
666 3329 700 3369 se
715 3310 819 3371 fiducie
834 3312 936 3370 virium
952 3310 1142 3370 dissidentem

114 3389 231 3447 uernis
255 3388 381 3465 subegit.
418 3389 493 3449 Dein
503 3393 594 3468 quasi
609 3395 739 3470 angustis
754 3395 865 3454 insulae
879 3395 1008 3454 terminis
1023 3393 1141 3452 claude·

142 3477 233 3544 retun
251 3472 332 3529 cuius
347 3472 461 3548 imperii
476 3482 587 3551 partem
603 3477 702 3551 primis
717 3479 903 3536 incrementis
919 3495 956 3536 ue
969 3483 1143 3557 speraverat
