2442 3975
73 210 252 265 xxxmo:
267 210 439 263 xxxv1111
491 217 794 267 momumento.
1009 207 1068 273 185

76 372 282 435 contendebat.
326 369 495 432 Exercitum
524 387 641 450 quoque
671 389 753 431 saum
780 373 815 432 ad
836 389 936 450 parem
954 373 1098 437 laborist

75 457 242 537 patientiam
260 456 405 515 cotidiana
420 457 632 515 exercitatione
644 455 780 531 durabat,
797 464 885 532 atque
896 459 935 516 ita
945 460 1069 518 invictus

74 544 140 618 ipse
156 538 415 617 inexpugnabilem
434 540 593 598 exereitum
616 539 738 598 iecerat.
783 537 853 598 Inita
874 540 980 601 deinde
1001 555 1099 607 cuma

73 623 236 684 Nicomede
263 624 405 683 societate
434 621 663 699 Paphlagoniam
684 623 792 682 invadit
818 625 980 701 victamque
1005 643 1069 684 cour

75 710 158 767 socio
174 706 283 766 diuidit.
321 704 413 778 Quam
429 723 493 764 cum
507 708 601 764 teneri
616 725 633 766 a
649 706 769 782 regibus
786 709 898 766 senatui
912 709 1067 767 nuntiatum
1080 719 1099 772 4

75 800 175 869 esset,
197 790 313 866 legatos
332 788 369 848 ad
393 798 546 866 utrumque
568 790 663 862 misit,
691 791 740 868 qui
761 798 879 865 gentem
904 791 1019 849 restitui
1040 792 1069 850 in

74 875 226 951 pristinum
242 881 345 932 statum
360 872 502 931 iuberent.
546 871 744 946 Mithridates,
767 891 831 932 oum
853 891 886 931 se
900 875 956 932 iuro
971 891 1069 953 parem
1084 887 1102 939 5

73 956 261 1033 magnitudini
280 955 474 1016 Romanorum
491 956 643 1030 crederet,
665 955 794 1032 superbo
818 973 964 1033 responso
984 958 1068 1018 here·

32 1040 37 1047 ’
76 1040 207 1099 ditariom
222 1041 305 1119 patri
323 1055 517 1116 suouegnum
540 1037 699 1099 obvenisse
722 1039 888 1117 respondit:
910 1041 1008 1100 mirari
1024 1060 1069 1113 se,

75 1123 154 1201 quod
171 1125 198 1182 ei
212 1123 305 1183 relata
322 1124 523 1181 controversia
537 1139 595 1181 noo
610 1122 712 1198 fuerit,
733 1122 788 1185 sibi
808 1123 962 1183 referatur.
1006 1124 1069 1184 Nea
1085 1136 1104 1189 6

74 1208 191 1265 territus
207 1207 290 1265 minis
308 1205 446 1266 Galatiam
462 1223 580 1284 quoque
596 1217 734 1285 occupat.
776 1205 969 1284 Nicomedes,
994 1219 1098 1286 quo-‘t

73 1290 150 1349 niam
165 1308 198 1349 se
209 1292 284 1349 tueri
299 1293 361 1348 iore
371 1306 429 1349 nou
441 1299 572 1367 poterat,
591 1292 666 1350 iusto
680 1291 743 1367 regi
755 1289 933 1351 redditurum
946 1309 1069 1369 respon·

74 1372 125 1432 dit.
170 1372 267 1451 Atque
289 1375 328 1433 ita
349 1373 436 1432 lilium
456 1392 538 1432 suum
571 1383 680 1433 mutato
707 1375 822 1432 nomine
837 1374 1098 1453 ‘Pylaemenem‚3

73 1455 291 1533 Paphlagonum
302 1474 406 1534 regum
421 1459 553 1532 nomiae,
573 1458 708 1535 appellat
723 1466 753 1515 et
768 1458 851 1534 quasi
867 1459 949 1534 stirpi
969 1461 1070 1535 regiae
1148 1480 1160 1493 ·
1189 1509 1194 1518 .

40 1539 48 1549 '
74 1540 250 1599 reddidisset
264 1559 404 1616 regnam,
420 1539 497 1599 falso
513 1542 628 1600 nomine
642 1548 733 1600 tenet.
779 1541 829 1598 Sic
843 1539 968 1600 ludibrio
981 1541 1070 1601 habiti
1085 1555 1104 1608 9

74 1622 165 1697 legati
179 1622 300 1682 Romam
314 1633 507 1682 revertuntur.

332 2133 580 2210 LIBER
631 2132 854 2208 XXXVIII.

141 2367 168 2425 1.
191 2329 383 2424 Mithridates
399 2364 554 2443 parricidia
570 2380 645 2423 nece
659 2365 759 2423 axoris
773 2363 939 2441 auspicatus
957 2361 1068 2421 sororis
1083 2374 1098 2425 1

76 2449 197 2510 ulterius
218 2446 361 2507 Laodices
389 2447 482 2522 lilios,
516 2449 599 2507 cuias
627 2449 719 2506 virum
746 2444 943 2522 Ariarathem,
969 2463 1071 2522 regem

72 2531 300 2609 Cappadociae,
316 2549 371 2608 per
387 2530 524 2591 Gordium
539 2531 650 2590 insidiis
665 2531 832 2601 occiderat,
848 2529 996 2589 tollen'dos
1013 2538 1071 2588 sta·

76 2617 146 2688 tuit,
169 2614 239 2674 nibil
260 2623 355 2674 actum
378 2624 473 2674 morte
494 2617 594 2692 patris'
608 2615 795 2689 existimans,
818 2614 844 2673 si
866 2612 1071 2673 adulescentes

77 2706 381 2776 pateronmregnum,
403 2700 484 2758 cuius
503 2697 554 2758 ille
576 2696 733 2775 cupiditate
747 2695 905 2773 flagrabat,
929 2713 1070 2773 occupas·

78 2788 153 2839 sent.
197 2777 287 2855 Igitur
301 2780 367 2839 dam
383 2784 411 2839 in
428 2782 472 2840 his
489 2780 713 2858 cogitationibus
728 2790 877 2854 versatur,
893 2781 1007 2839 interim
1020 2777 1068 2835 Ni·
1084 2787 1103 2839 2

78 2862 231 2938 comedes,
250 2880 304 2921 rex
316 2862 483 2938 Bithyniae,
500 2881 622 2924 vacuam
643 2872 736 2922 morte
758 2865 838 2940 regis
856 2859 1072 2940 Cappadociam

77 2947 194 3006 invadit.
240 2944 326 3018 Quod
341 2964 405 3005 cum
422 2948 579 3007 nuntiatum
595 2946 752 3008 Mithridati
768 2947 887 3019 luisset,
910 2961 964 3021 per
986 2944 1105 3007 simo-3

78 3029 215 3090 lationem
229 3031 346 3108 pietatis
364 3031 470 3091 auxilia
486 3032 582 3090 sorori
604 3032 641 3090 ad
657 3028 863 3107 expellendum
884 3024 1072 3104 Cappadocia

11 3111 15 3114 ’
77 3112 266 3174 Nicomedem
283 3116 377 3190 mittit,
409 3115 469 3174 Sed
482 3117 538 3174 lam
550 3113 675 3174 Laudice
691 3131 747 3190 per
758 3111 921 3191 pactionem
936 3127 970 3168 se
982 3107 1104 3171 Nico-4

78 3198 154 3257 medi
173 3199 201 3256 io
216 3198 424 3258 matrimonium
438 3197 607 3258 tradiderat.
640 3195 726 3269 Quod
741 3212 832 3272 aegre
846 3193 946 3253 terens
963 3191 1072 3253 Mithri·
1088 3203 1105 3255 5

79 3280 163 3340 dates
180 3280 327 3356 praesidia
347 3281 516 3341 Nicomedis
538 3278 726 3359 Cappadocia
748 3277 871 3356 expellit
892 3293 1073 3354 regnumque

78 3364 192 3422 sonoris
207 3361 267 3421 lilio
280 3366 421 3442 restituit,
437 3366 589 3441 egregium
600 3381 723 3441 prorsus
734 3362 858 3437 lactum,
873 3362 902 3419 ni
917 3359 1073 3419 subsecuta

44 3472 50 3480 ·
77 3447 158 3506 lraus
175 3455 270 3507 esset:
295 3447 436 3530 siquidem
457 3448 619 3508 interiectis
638 3445 785 3505 mensibus
806 3445 922 3505 simulat
941 3462 975 3505 se
998 3442 1103 3506 (tor-o
