2442 3975
41 168 48 179 ’
84 201 219 255 vinna
427 206 518 255 urso.
534 206 627 254 Parc.
642 207 735 255 actu.
1041 197 1083 259 57

85 380 222 441 prorsus,
249 359 326 438 quod
348 360 376 417 in
392 357 486 418 dubiis
501 358 590 425 rebus
608 359 667 417 suis
685 359 737 421 illo
761 359 818 421 deo
840 361 1082 424 ettammcnsilic·

84 464 146 505 rum
162 454 281 505 anctore
299 446 343 502 nsi
364 443 493 509 fuerant3
524 441 601 520 quod
619 442 671 500 illo
688 442 761 502 duce
782 452 827 501 tot
850 443 929 504 bella
954 448 1084 508 victores
1143 440 1165 505 .’

84 531 222 603 inierant,
247 536 291 587 tot
309 524 398 585 urbes
415 526 565 603 auspicato
582 525 785 602 condiderant,
806 535 914 585 tantum
933 528 1083 607 imperium

83 621 162 671 terra
177 611 306 686 marique
325 607 525 688 quaesierant;
557 609 634 685 quod
650 609 720 669 nihil
738 612 800 668 sine
825 612 976 669 maiestate
993 614 1083 672 numi·

83 696 128 752 nis
155 696 217 751 eius
244 701 291 751 aut
310 693 441 769 privatae
462 709 595 769 umquam
620 701 667 750 aut
691 691 827 770 publicae
852 693 896 751 rei
920 703 1083 769 gesserant.

85 770 205 836 Tantum
219 775 331 834 lacinus
346 773 497 834 admisisse
512 775 628 857 ingenia
642 777 718 833 omni
730 775 862 835 doctrina
877 776 1004 850 exculta,
1021 777 1128 855 pul-12

85 859 236 940 uberrimis
261 857 376 934 legibus
410 858 602 935 institutisque
628 858 768 930 formata,
797 867 828 921 ui
865 859 933 937 quid
960 860 1084 937 posthac

84 959 258 1000 suscensere
273 942 335 1000 iure
351 940 481 1000 barbaris
497 948 620 1018 possent
634 953 692 999 non
708 940 860 1001 haberent.
1172 1001 1176 1009 ,

25 1098 28 1103 θ
148 1023 177 1083 3.
201 1021 260 1082 'Sed
278 1042 334 1083 nec
350 1017 500 1101 Philippus
513 1023 643 1083 melioris
659 1023 727 1083 iidei
744 1025 884 1084 adversus
898 1026 997 1084 socios
1013 1025 1081 1085 fuit:
1095 1040 1110 1091 1

84 1109 193 1185 quippe
207 1096 432 1180 velutftimens,
453 1124 489 1164 ne
513 1105 549 1165 ab
571 1100 703 1165 hostibus
725 1106 874 1183 sacrilegii
891 1107 1007 1177 scelere
1021 1110 1113 1171 rin-2

83 1189 217 1263 ceretur,
241 1191 391 1264 civitates,
411 1206 531 1267 quarum
546 1189 633 1266 paulo
650 1197 716 1248 ante
733 1190 791 1249 dux
807 1190 1013 1268 iuerat,quae
1029 1192 1083 1250 suh

83 1273 221 1350 auspiciis
237 1274 301 1332 eius
319 1272 522 1347 militaverant,
536 1289 610 1350 quae
625 1272 786 1349 gratulatus
801 1272 844 1331 illi
859 1272 973 1352 sibique
989 1275 1082 1333 victo·

82 1358 152 1415 riam
167 1356 292 1431 fuerant,
311 1355 456 1414 hostiliter
472 1364 630 1433 occupatas
645 1356 776 1433 diripuit;
799 1358 939 1432 coniuges
953 1352 1110 1424 liberos-3
1129 1378 1132 1381 ·

83 1457 139 1517 que
156 1439 278 1497 omnium
298 1438 351 1497 sub
373 1454 481 1497 corona
501 1439 644 1506 vendidit;
668 1455 725 1497 non
745 1433 868 1499 deorum
890 1440 1110 1504 inmortalium4

82 1523 215 1599 templis.
245 1539 303 1581 non
319 1520 441 1581 aedibus
459 1523 561 1595 sacris,
582 1537 640 1579 non
656 1522 700 1581 dis
716 1521 867 1601 penatibus
885 1521 1008 1598 publicis
1024 1523 1081 1600 pri··

83 1607 231 1683 vatisque,
257 1605 293 1665 ad
313 1620 386 1682 quos
406 1603 494 1681 paulo
517 1613 583 1663 ante
604 1605 758 1681 ingressus
778 1602 962 1681 hospitaliter
975 1605 1080 1680 iuerat,

82 1689 231 1764 pepercit:
252 1704 372 1765 prorsus
388 1696 490 1747 utnon
510 1694 568 1745 tam
583 1686 733 1762 sacrilegii
748 1686 825 1746 ultor
843 1688 974 1746 extitisse
996 1701 1108 1766 quana

83 1770 303 1846 sacrilegiorum
318 1770 463 1829 licentiam
478 1770 629 1849 quaesisse
646 1770 804 1829 videretur.
832 1768 902 1828 Inde
923 1769 1013 1829 veluti
1033 1780 1110 1834 re=6

58 1842 62 1851 '
81 1853 135 1916 bus
151 1854 273 1929 egregie
293 1855 385 1929 gestis
401 1853 432 1911 inv
450 1844 698 1931 Cappadociami'
714 1853 823 1911 traicit:
849 1851 898 1910 ubi
919 1852 1000 1911 bello
1019 1855 1082 1930 pari

83 1936 204 2014 periidia
219 1944 306 2013 gesto
329 1937 481 2015 captisque
500 1954 554 2014 per
572 1934 672 1995 dolum'
686 1944 716 1994 et
735 1935 843 1994 occisis
864 1934 988 1994 linitimis
1002 1936 1080 2013 regi·

82 2018 136 2078 bns
167 2020 330 2079 universam
348 2021 537 2098 provinciam
568 2020 690 2097 imperio
720 2017 911 2086 Macedoniae
941 2019 1079 2095 adiungit.

81 2101 194 2161 Deinde
210 2103 247 2161 ad
267 2102 439 2162 abolendam
458 2103 585 2162 invidiae
600 2103 721 2178 lamam,
744 2097 800 2179 gua
822 2102 942 2176 insignis
962 2110 1129 2178 praeteri¹

66 2191 201 2244 ‘ceteros
218 2194 286 2243 tunc
308 2187 448 2263 temporis
469 2184 645 2259 habebatur,
668 2203 723 2262 per
743 2202 834 2260 regna
855 2185 939 2263 mittit
959 2194 988 2243 et
1009 2201 1106 2262 opu··-
1126 2205 1128 2209 ·

81 2267 258 2336 lentissimae,
280 2268 431 2343 civitates,
454 2270 502 2346 qui
521 2270 686 2346 opinionem
709 2262 843 2327 sererent
857 2284 959 2343 regem
975 2267 1112 2346 Philip-8

36 2365 50 2387 ⁹
81 2367 148 2427 pum
172 2368 277 2427 magna
303 2353 426 2428 pecunia
447 2350 547 2411 locare
571 2360 600 2410 et
620 2365 718 2410 muros
732 2368 792 2428 per
814 2351 946 2409 civitates
964 2359 994 2410 et
1015 2351 1082 2410 iana

80 2450 116 2492 ac
132 2434 240 2511 templa
256 2433 405 2509 facienda,
430 2444 460 2493 et
480 2443 511 2493 ut
531 2451 585 2512 per
601 2451 766 2512 praecones
788 2442 979 2510 susceptores
1000 2435 1080 2494 solli·
1131 2493 1143 2500 ,

81 2517 212 2582 citarent.
248 2517 304 2589 Qui
325 2535 389 2578 cum
404 2515 649 2596 iri-blacedouiam
669 2518 834 2591 venissent,
860 2517 949 2576 uariis
965 2517 1077 2578 dilatio·
1092 2528 1126 2583 9.

79 2598 163 2656 nibus
188 2599 332 2673 frustrati,
355 2601 413 2660 vim
439 2602 540 2677 regiae
565 2602 724 2660 maiestatis
743 2602 877 2671 timentes
892 2601 972 2660 taciti
994 2601 1081 2680 proh·

80 2680 273 2742 ciscebantur.
312 2681 381 2742 Post
405 2684 480 2743 haec
506 2682 660 2758 Olynthios
691 2683 875 2761 adgreditur:
905 2693 1126 2762 receperantlo

80 2764 157 2824 euim
170 2781 225 2839 per
239 2764 467 2825 misericordiam
482 2776 548 2844 post
565 2768 685 2827 caedem
701 2770 784 2827 unius
798 2767 871 2826 duos
884 2765 990 2825 iratres
1005 2767 1080 2840 eius,
1115 2800 1118 2805 -

79 2862 157 2923 quos
183 2844 333 2924 Philippus
358 2865 395 2905 en
419 2864 545 2909 noverca
566 2851 799 2927 genitosvelnti
813 2850 974 2926 participes
998 2847 1082 2922 regni

78 2929 246 2988 interlicere
271 2930 428 3009 gestiebat.
462 2929 505 2990 Ob
532 2933 607 2993 hanc
632 2936 719 3010 igitur
743 2948 858 2994 causam
883 2929 985 2988 urbem
1011 2932 1120 2993 anti-li

79 3029 164 3088 quam
180 3022 209 3094 et
229 3013 357 3073 nobilem
381 3015 508 3074 excindit
523 3024 554 3074 et
567 3017 674 3076 iratres
693 3017 761 3076 olim
777 3012 1080 3089 destinatosupplicic

79 3094 166 3154 tradit
187 3096 356 3175 praedaque
383 3099 493 3174 ingenti
515 3101 627 3177 pariter
655 3109 684 3159 et
707 3096 853 3177 parricidii
876 3102 947 3153 voto
968 3094 1079 3153 fruitur.

78 3174 160 3251 lude,
177 3180 259 3254 quasi
286 3182 380 3240 omnia
402 3199 477 3260 qnae
498 3172 640 3259 agitasset
660 3184 753 3241 animo
783 3181 811 3238 ei
833 3178 979 3253 licerent,
999 3188 1124 3240 aura-12

78 3259 122 3336 ria
136 3261 165 3318 in
183 3261 352 3338 Thessalia,
376 3265 487 3341 argenti
504 3265 622 3325 metalla
636 3266 665 3324 in
684 3264 806 3324 Thracia
828 3268 969 3337 occupat,
994 3268 1024 3318 et
1042 3271 1125 3331 ne13

79 3341 158 3418 quod
173 3344 216 3403 ius
232 3345 281 3404 vel
302 3346 347 3406 fas
368 3347 535 3406 inviolatum
558 3350 820 3426 praetermitteret,
844 3344 993 3422 piraticam
1010 3359 1080 3420 quo·

78 3441 137 3503 que
159 3443 303 3487 exercere
324 3429 453 3489 instituit.
466 3485 470 3486 γ
483 3429 535 3488 llis
556 3431 595 3489 ita
621 3432 712 3506 gestis
734 3430 812 3490 lorte
828 3427 941 3503 evenit,
969 3435 1001 3486 ut
1018 3443 1081 3485 eurn
1090 3435 1124 3489 14
