2442 3975
88 163 232 227 xxxvfll
248 173 307 225 aa
425 177 519 229 meu.
536 179 631 226 nnnc.
646 178 739 226 nrm.
834 220 841 229 κ
1021 166 1082 227 187

89 332 233 393 libertatis
248 332 408 392 abnuentes
430 341 537 408 negant
550 331 653 390 vivere
670 340 788 406 gentem
808 333 870 391 sine
891 350 963 408 rege
981 348 1081 410 posse.

88 416 191 494 ltaque
209 435 263 474 rex
278 416 337 475 illis
354 434 370 474 a
385 424 486 474 senatu
504 413 719 473 Ariobarzanes
735 416 876 491 statuitur.

152 500 181 559 3.
203 497 274 558 Erat
288 515 326 557 eo
342 507 475 575 tempore
492 497 636 574 Tigranes
652 515 707 556 rex
722 496 893 572 Armeniae,
910 496 1000 556 obses
1014 497 1111 560 Par-l

89 584 148 643 this
173 590 239 641 aute
262 582 380 641 multum
403 583 543 659 temporis
571 581 671 654 datus,
698 598 753 639 uec
781 581 849 640 olim
873 580 910 640 ab
936 580 1028 640 isdem
1055 583 1084 639 iu

89 682 211 742 regnum
227 674 378 742 paternum
394 665 543 724 remissus.
587 662 671 724 Hunc
692 663 873 722 Mithridates
895 665 968 723 mire
984 664 1020 721 ad
1036 681 1084 723 so·

89 751 227 809 cietatem
252 748 373 807 Romani
391 747 483 821 belli,
511 746 590 824 quod
615 747 683 805 olim
705 747 914 821 meditabatur,
938 746 1085 824 perlicere

90 832 239 910 cupiebat.
270 830 348 890 Nihil
360 833 447 907 igitur
462 830 498 890 de
510 831 623 890 offensa
638 829 831 890 Romanorum
846 832 1020 904 sentientem
1032 839 1114 905 peri

90 914 229 975 Gordium
252 915 382 994 inpellit,
413 922 443 973 ut
464 913 656 977 Ariobarzani
684 915 768 990 segni
796 914 948 972 admodum
975 913 1085 972 bellum

90 998 212 1073 inierat,
233 1007 264 1058 et
286 1016 322 1057 ue
344 999 409 1075 quis
433 997 518 1056 dolus
539 996 663 1055 subesse
686 996 833 1071 videatur,
857 997 943 1056 filiam
959 1015 1039 1055 suam
1057 997 1084 1055 ei

90 1080 278 1159 Cleopatram
294 1083 325 1139 in
337 1078 545 1139 matrimonium
560 1080 657 1139 tradit.
689 1080 785 1139 Primo
796 1082 884 1156 igitur
896 1080 1022 1140 adventu
1037 1079 1113 1142 Τῆ-3

30 1197 33 1202 -
89 1166 189 1241 grauis
210 1164 426 1224 Ariobarzanes
444 1163 566 1223 sublatis
588 1162 679 1222 rebus
702 1165 761 1221 suis
783 1163 903 1223 Romam
923 1164 1084 1237 contendit,

90 1257 178 1325 atque
196 1249 235 1308 ita
250 1267 305 1326 per
320 1248 481 1323 Tigranem
491 1263 592 1305 rursus
601 1244 793 1324 ,Cappadocia
810 1248 879 1305 iuris
895 1266 963 1306 esse
974 1246 1084 1309 mitud-

90 1331 165 1390 datis
182 1333 290 1411 coepit.
321 1331 434 1390 Eodem
449 1340 583 1407 tempore
599 1339 713 1388 mortuo
732 1330 891 1390 Nicomede
907 1333 993 1389 etiam
1009 1330 1114 1390 filiast

91 1416 171 1489 eius,
195 1424 227 1472 et
246 1416 311 1491 ipse
329 1413 522 1487 Nicomedes,
538 1429 638 1489 regno
659 1412 854 1473 ablithridate
878 1414 1012 1491 pellitur,
1036 1414 1085 1490 qui

91 1515 156 1556 cum
171 1498 299 1573 supplex
310 1498 431 1557 Romam
442 1497 589 1569 venisset,
606 1496 773 1555 decernitur
789 1500 817 1554 in
830 1506 948 1571 senatu,
965 1505 995 1555 ut
1008 1505 1084 1554 uter·

91 1597 149 1656 que
167 1581 195 1637 in
212 1596 333 1654 regnum
349 1581 551 1647 restituantur;
573 1580 603 1636 in
619 1578 698 1655 quod
718 1587 777 1637 tum
798 1581 878 1637 missi
900 1579 1034 1656 Aquilius
1056 1588 1086 1636 et

90 1661 205 1721 lllallius
226 1660 360 1721 llaltinus
376 1648 476 1738 legati.
507 1660 558 1719 llis
576 1664 700 1737 cognitis
716 1661 898 1721 Mithridates
912 1664 1113 1724 societatemn
1138 1706 1140 1709 -

91 1763 157 1803 cum
177 1743 302 1821 Tigrane
327 1744 438 1803 bellum
464 1744 605 1803 adversus
644 1744 791 1803 Romanos
817 1755 954 1823 gesturus
981 1746 1083 1820 iungit,
1190 1815 1192 1819 Ι

91 1829 229 1906 pactique
244 1830 319 1886 inter
335 1846 367 1885 se
383 1835 463 1902 sunt,
479 1836 509 1884 ut
524 1825 611 1885 urb'es
627 1830 749 1905 agrique
762 1827 1084 1902 blithridati,‘bomines

89 1927 163 1969 vero
176 1919 206 1969 et
217 1928 417 1987 quaecumque
432 1908 540 1968 auferri
555 1919 693 1989 possent,
707 1910 823 1986 Tigrani
840 1910 990 1971 cederent.
1015 1911 1114 1975 Poste

89 1994 164 2054 haec
180 1992 359 2054 Mithridates
377 1993 529 2053 intellecto
543 2003 677 2071 quantum
689 1995 798 2054 bellum
817 1996 987 2070 suscitaret,
1004 1995 1084 2071 lega-

90 2086 139 2135 tos
156 2076 193 2137 ad
212 2076 362 2152 Gimbros,
381 2077 455 2139 alios
474 2076 509 2135 ad
526 2076 738 2154 Gallograecos
759 2088 789 2138 et
805 2080 952 2138 Sarmatas
969 2078 1083 2138 Bastar·

90 2179 202 2239 uasque
217 2162 352 2220 auxilium
368 2161 488 2239 petitum
505 2161 598 2219 mittit.
626 2160 699 2221 Nam
715 2179 816 2221 omnes
832 2163 883 2221 llas
903 2171 1009 2238 gentes
1024 2161 1112 2225 lto-z

91 2241 203 2304 inanum
224 2244 445 2323 meditabundus
464 2243 573 2302 bellum
591 2246 679 2303 variis
696 2246 903 2304 beneficiorum
918 2245 1085 2304 muneribus

90 2330 146 2388 iam
163 2338 230 2388 ante
248 2328 400 2388 inlexerat.
438 2326 558 2400 Scythia
574 2345 692 2406 quoque
709 2330 869 2389 exercitum
883 2331 985 2388 venire
1002 2327 1083 2387 iubet

64 2433 66 2437 ’
91 2428 264 2490 omnemque
281 2413 422 2471 orientem
439 2410 579 2474 aduersus
595 2411 743 2471 Romanos
763 2422 862 2472 armat.
896 2412 962 2472 Non
976 2423 1114 2489 magnos

91 2496 184 2571 igitur
194 2495 295 2554 labore
310 2495 456 2572 Aquilium
472 2502 502 2552 et
519 2493 647 2554 blallium
663 2495 808 2555 Maltinum
824 2496 932 2555 Asiauo
950 2498 1084 2555 exercitu

90 2580 248 2637 instructos
262 2579 366 2655 vineit,
381 2577 486 2655 quibus
503 2578 587 2650 simul
606 2597 670 2638 cum
689 2578 849 2639 Nicomede
866 2581 958 2659 pulsis
974 2580 1085 2656 ingenti
1181 2646 1186 2655 Δ

90 2661 193 2720 lavore
206 2662 361 2720 civitatium
377 2662 535 2737 excipitur:
545 2662 663 2721 multum
678 2663 716 2721 ibi
729 2666 790 2722 auri
805 2667 976 2741 argentique
989 2662 1084 2722 studio
1096 2673 1113 2726 9

90 2753 221 2802 veterum
237 2762 338 2819 regum
351 2760 542 2819 magnumque
563 2744 634 2805 belli
651 2756 820 2823 apparatum
837 2748 962 2821 invenit,
980 2743 1085 2822 quibus
1171 2740 1175 2746 ’

90 2828 247 2886 instructus
270 2826 366 2885 debita
389 2826 551 2885 civitatibus
568 2824 690 2906 'publica
715 2833 886 2907 privataque
910 2829 1029 2886 remittit
1043 2835 1085 2885 -et

53 2947 56 2951 ι
91 2911 272 2970 vacationem
291 2910 476 2986 quinquennii
498 2911 641 2970 concedit.
677 2912 758 2971 Tunc
773 2913 809 2972 ad
829 2912 993 2971 contionem
1008 2909 1130 2972 mili-10¹

90 3002 139 3053 tes
160 3002 248 3052 vocat
273 3010 384 3071 eosque
407 2992 494 3051 variis
521 2994 771 3076 enhortatiouibus
793 2995 830 3054 ad
850 2993 980 3053 Romana
1004 2991 1084 3050 bella

91 3078 154 3136 sive
177 3076 286 3136 Asiana
308 3077 417 3136 inuitat.
454 3074 545 3148 Quam
567 3080 728 3138 orationem
751 3079 865 3154 dignam
889 3075 973 3151 duxi,
998 3075 1078 3133 cuius
1095 3086 1125 3136 11

91 3160 255 3237 exemplum
270 3160 405 3220 brevitati
427 3159 510 3218 huius
528 3164 628 3238 operis
642 3165 817 3228 insererem
834 3177 924 3238 quam
937 3157 1084 3234 obliquam
1180 3187 1190 3204 ·

90 3242 245 3320 Pompeius
262 3243 376 3319 Trogus
393 3244 546 3320 exposuit,
571 3247 707 3323 quoniam
719 3247 748 3304 in
760 3245 842 3304 Livio
859 3252 888 3302 et
902 3244 931 3301 in
945 3241 1084 3300 Sallustio

90 3325 296 3403 reprehendit,
313 3310 562 3402 quoOconuones
577 3329 704 3388 directas
719 3346 773 3406 pro
789 3346 840 3387 sua
852 3328 984 3387 oratione
999 3327 1085 3403 operi

90 3423 144 3468 suo
160 3409 316 3470 inserendo
330 3410 470 3469 historiae
484 3409 599 3469 modum
615 3413 808 3472 excesserint.
