2442 3975
34 9 122 67 s

170 196 213 261 ab
550 208 660 257 snoor
675 208 805 256 sonam
1009 232 1011 239 ι
1058 203 1102 256 111
1112 207 1167 260 ae

141 375 257 443 squam
276 363 331 423 viri
352 363 422 423 iacti
440 370 555 438 essent,
577 363 683 422 statuit.
727 362 865 437 Virgines
886 360 949 419 sine
971 360 1041 422 dote
1060 364 1167 436 nubere

171 449 273 522 iussit,
289 456 318 505 ut
334 463 443 509 uxores
458 446 648 521 eligerentur,
664 462 722 504 non
738 445 895 523 pecuMae,
910 447 1101 523 severiusque
1111 466 1166 508 ma·

172 531 305 591 trimonia
323 547 373 589 sua
389 530 443 588 viri
459 535 642 604 coercerent,
658 545 722 587 cum
738 528 823 587 nullis
840 527 930 586 irenis
947 527 1023 587 dotis
1036 537 1166 589 teneren-

138 626 156 680 9
171 625 226 674 tur.
270 614 423 674 Maximum
438 611 579 672 honorem
594 628 651 669 non
668 611 785 670 divitum
801 620 830 669 et
851 612 1024 689 potentium,
1046 612 1098 672 sed
1114 630 1166 691 pro

155 697 264 775 ·gradu
282 698 383 757 aetatis
398 713 497 755 senum
510 713 577 754 esse
592 694 698 770 voluit,
721 712 776 754 nec
797 712 867 756 sane
890 712 1009 773 usquam
1029 703 1167 755 terrarum

129 782 267 845 lolocum
284 780 498 839 honoratiorem
520 787 658 837 senectus
676 777 772 837 babet.
816 778 896 836 Maec
919 779 1052 855 quoniam
1077 780 1168 857 primo

172 864 275 924 solutis
296 872 380 923 antea
403 860 530 921 moribus
550 861 620 920 dura
643 859 758 919 videbat
781 878 866 937 esse,
896 869 1043 920 auctorem
1070 878 1169 921 eorum

171 948 338 1026 Apollinem
352 945 525 1023 Delphicum
542 946 625 1020 lingit
647 953 675 1002 et
695 944 761 1003 inde
782 963 813 1003 se
832 961 867 1004 ea
887 961 925 1002 ex
944 954 1104 1023 praecepto
1121 964 1170 1004 nu·

170 1033 253 1090 minis
279 1030 433 1105 detulisse,
457 1038 487 1087 ut
506 1028 718 1087 consuescendi
746 1026 871 1087 taedium
900 1036 993 1086 metus
1019 1027 1169 1105 religionis

128 1118 274 1178 llvincat.
317 1113 392 1172 Dein
403 1121 433 1171 ut
445 1113 645 1172 aeternitatem
660 1111 774 1187 legibus
790 1111 850 1170 suis
865 1110 961 1187 daret,
977 1111 1168 1172 iureiurando

173 1198 285 1273 obligat
306 1198 461 1270 civitatem,
477 1195 546 1254 nibil
562 1200 615 1253 eds
632 1193 668 1253 de
685 1196 746 1254 eius
761 1193 878 1272 legibus
892 1202 1060 1271 mutaturos,
1077 1197 1167 1272 prius·

172 1298 257 1358 quam
282 1288 495 1354 reverteretur,
522 1287 552 1337 et
572 1278 688 1336 simulat
707 1297 739 1337 se
765 1278 800 1337 ad
824 1278 971 1337 oraculum
997 1277 1169 1356 Delphicum

172 1364 332 1442 proficisci,
349 1362 545 1422 consulturum
562 1360 630 1439 quid
644 1359 804 1420 addendum
818 1360 1039 1438 mutandamque
1054 1360 1169 1437 legibus

130 1446 326 1512 iuvideretur.
370 1445 567 1504 Proficiscitur
599 1454 694 1505 autem
722 1443 837 1507 Cretam
871 1444 968 1523 ibique
998 1453 1169 1522 perpetuum

172 1530 288 1590 exilium
312 1531 372 1606 egit
392 1527 527 1605 abicique
552 1529 581 1586 in
607 1545 686 1587 mare
708 1545 776 1589 ossa
797 1547 848 1588 sua
867 1529 994 1587 moriens
1013 1529 1111 1603 iussit,
1132 1544 1168 1584 ne

170 1614 271 1673 relatis
285 1613 531 1673 Lacedaemonem
545 1610 659 1670 solutos
675 1631 707 1670 se
729 1613 861 1689 Spartani
881 1610 1026 1686 religione
1042 1612 1112 1669 iuris
1127 1611 1168 1668 iu-

128 1716 131 1739 1
170 1695 252 1756 randi
268 1699 296 1755 in
308 1695 502 1755 dissolvendis
517 1694 633 1771 legibus
648 1694 865 1755 arbitrarentur.

139 1789 154 1840 l
233 1783 263 1840 4.
294 1780 346 1840 His
361 1780 448 1855 igitur
462 1777 590 1837 moribus
606 1780 645 1839 ita
659 1777 742 1837 brevi
755 1780 857 1839 civitas
870 1778 1033 1853 convaluit,
1048 1786 1089 1852 ut,
1105 1794 1169 1835 cum

169 1863 323 1923 Messeniis
339 1871 460 1941 propter
474 1870 619 1940 stupratas
635 1862 763 1938 virgines
779 1880 846 1922 suas
861 1864 890 1923 in
911 1861 1044 1921 sollemni
1058 1860 1168 1920 Messe·

170 1949 283 2008 niorum
304 1945 449 2007 sacriircio
470 1944 576 2005 bellum
597 1945 775 2022 intulissent,
801 1945 972 2021 gravissima
995 1961 1026 2002 se
1048 1959 1171 2003 execra-

169 2034 249 2090 tione
272 2030 493 2106 obstrinxerint,
518 2046 576 2088 non
598 2031 677 2107 prius
700 2045 783 2104 quam
802 2027 974 2087 Messeniam
1003 2044 1169 2104 expugnas·

171 2124 236 2173 sent
255 2131 447 2182 reversuros,
469 2121 575 2172 tantum
590 2112 644 2172 sibi
666 2111 712 2170 vel
729 2110 764 2170 de
782 2110 889 2169 viribus
906 2111 966 2169 suis
982 2109 1030 2169 vel
1052 2109 1088 2169 de
1109 2110 1169 2169 ior·

140 2207 239 2259 ttuna
254 2197 443 2276 spondentes.
488 2196 569 2270 Quae
585 2214 634 2254 res
650 2195 757 2253 initium
772 2194 961 2253 dissensionis
975 2193 1116 2253 Graeciae
1141 2202 1171 2252 et

142 2282 299 2344 aintestini
316 2280 387 2340 belli
403 2297 490 2339 causa
506 2289 536 2338 et
553 2280 637 2355 origo
654 2279 715 2337 luit.
759 2277 860 2355 ltaque
877 2295 941 2336 cum
963 2286 1063 2337 contra
1085 2294 1169 2354 prae·

170 2365 360 2440 sumptionem
372 2381 451 2423 suam
463 2362 615 2421 anniinn
626 2360 777 2420 obsidione
790 2361 870 2420 urbis
881 2369 1047 2421 tenerentur
1058 2368 1088 2418 et
1099 2376 1170 2437 qne·
1193 2367 1198 2376 '

168 2444 250 2504 rellis
266 2464 386 2506 uxorum
401 2455 537 2524 postiam
555 2445 672 2521 longam
692 2443 857 2504 viduitatem
875 2451 1099 2517 revocarentur,
1118 2460 1170 2501 ve·

169 2529 216 2587 riti
234 2547 271 2587 ne
292 2528 347 2588 bac
368 2529 586 2607 perseverantia
606 2528 677 2587 belli
699 2530 818 2604 gravius
838 2526 893 2586 sibi
915 2544 998 2605 quam
1014 2525 1171 2585 Messeniis

139 2620 324 2674 auocarent:
355 2614 463 2690 quippe
485 2612 544 2671 illis
567 2619 701 2689 qnantum
725 2611 878 2670 iuventutis
901 2609 982 2669 bello
1004 2609 1170 2684 intercidat,

168 2695 318 2755 mulierum
333 2694 509 2754 fecunditate
524 2695 669 2773 suppleri;
686 2693 747 2754 ‘sibi
766 2703 796 2752 et
816 2692 903 2753 bellis
926 2693 1026 2753 damna
1051 2692 1171 2753 adsidua

140 2787 201 2840 set
215 2779 420 2839 fecunditatem
435 2794 555 2838 uxorum
572 2776 739 2837 absentibus
755 2778 824 2836 viris
840 2777 946 2836 nullam
966 2794 1047 2844 esse;
1070 2778 1171 2852 itaque

168 2866 270 2943 legunt
289 2867 410 2924 iuvenes
425 2881 463 2921 ex
478 2880 515 2922 eo
531 2879 642 2938 genere
658 2861 792 2936 militum,
815 2861 862 2938 qui
879 2869 946 2937 post
960 2862 1004 2919 ius
1022 2858 1170 2919 iurandum

169 2950 198 3008 in
212 2948 441 3027 supplementum
459 2953 608 3022 venerant,
627 2944 729 3021 quibus
745 2946 878 3022 Spartam
896 2943 1025 3003 remissis
1045 2942 1170 3019 promis·

138 3040 243 3095 dcuos
259 3032 385 3092 omnium
406 3031 572 3090 feminarum
593 3027 763 3088 concubitus
787 3028 960 3104 permisere,
983 3025 1172 3084 matruiorem

167 3115 290 3175 laturam
308 3114 530 3192 conceptionem
544 3113 615 3187 rati,
630 3112 654 3169 si
671 3129 734 3170 eam
753 3111 884 3187 singulae
902 3110 1069 3188 perplures
1089 3111 1173 3168 viros

139 3201 379 3276 iexperirentur.
423 3195 469 3256 Ex
491 3195 535 3254 bis
557 3197 614 3255 nati
637 3194 675 3253 ob
697 3204 793 3254 notam
814 3196 933 3253 materni
956 3192 1074 3273 pudoris
1101 3192 1172 3251 Par·

138 3282 286 3343 Stheniae
301 3281 414 3341 vocati:
436 3282 484 3358 qui
505 3295 568 3337 cum
592 3277 628 3338 ad
650 3295 740 3337 annos
756 3277 840 3337 XXX
858 3280 1174 3356 pervenissent,metu

167 3366 284 3440 inopiae
301 3363 386 3441 (nulli
403 3365 477 3422 enim
490 3370 573 3439 pater
585 3360 739 3437 existebat,
756 3362 836 3419 cuius
848 3362 876 3418 in
888 3362 1088 3439 patrimonium
1105 3376 1172 3417 suc·

171 3447 267 3504 cessio
283 3447 466 3524 speraretur)
483 3444 583 3505 ducem
598 3443 767 3523 Phalantum
788 3442 951 3521 adsumunt,
973 3444 1061 3503 illium
1075 3441 1174 3518 Arati,
