2442 3975
153 296 158 306 ἢ
187 205 269 280 230'
470 189 852 287 enonoo1n1smu1n.

188 386 267 461 siam,
284 385 435 446 adiuvante
451 385 579 448 Prusiam
594 385 735 447 Annibale
748 385 857 451 Poeno.
886 385 946 465 Res
956 394 1087 463 gestae
1072 385 1164 447 Anni-

188 467 261 528 halis
278 477 346 547 post
361 471 468 531 victum
481 470 654 531 Antiochum
670 479 699 530 ct
712 486 799 529 mors.
830 469 943 530 Mortuo
955 470 1081 531 Seleuco
1102 471 1164 539 (ilio

41 530 91 604 ⁵.
186 568 281 630 magur
274 552 429 615 Antiochi
442 554 585 615 successit
600 571 694 632 regno
708 553 801 629 frater
820 552 989 614 Antiochus.
1095 563 1099 571 '

443 732 446 738 «
461 699 642 749 PROLOGUS
657 699 754 748 LIBRI
766 700 891 748 xxxm.

249 803 347 871 Tertio
362 812 391 863 et
406 803 552 863 tricesimo
570 783 723 862 volumine*
733 776 912 863 continentur
929 798 1012 864 haec.
1043 803 1083 864 Ut
1098 821 1163 864 cnm

67 943 70 949 ,
188 887 278 946 Perse
291 886 502 965 Philippi-'filio
518 904 590 964 rege
607 884 813 962 Macedonum,
830 885 953 947 Romani
970 886 1078 947 bellum
1093 905 1163 964 ges·
1195 960 1197 965 Ι

187 971 290 1029 serint:
313 984 381 1048 qun
390 980 475 1048 capto
495 969 592 1031 deleta
607 978 653 1030 est
669 968 786 1047 Epiros
813 969 960 1030 Achaicae
979 971 1110 1031 civitates
1126 969 1163 1029 ah

51 1063 56 1070 ’
163 1088 165 1093 -
187 1055 293 1115 unitate
312 1054 444 1133 corporis
458 1053 619 1129 deductae,
632 1053 707 1114 inter
722 1054 858 1114 Achaeoi
873 1061 902 1113 et
916 1051 1164 1114 lacedaemonios

71 1153 74 1160 ·
188 1137 343 1200 certamine
357 1147 432 1198 orto.
455 1137 571 1214 Bellum
591 1155 691 1198 rursus
710 1136 740 1197 in
758 1132 927 1209 Macedonia
942 1145 1056 1216 gestum
1071 1155 1087 1198 a
1100 1136 1162 1201 Ro·

162 1277 168 1289 ,
187 1222 275 1281 manis
292 1239 355 1281 cnm
368 1208 628 1300 Pseudophilippo.

347 1392 350 1397 >
449 1366 632 1416 PROLOGUS
646 1367 743 1450 LIBRI
755 1362 895 1433 xmm.

248 1468 355 1543 Quarto
378 1459 407 1529 'et
422 1471 567 1531 tricesimo
581 1470 726 1531 volumine
741 1470 922 1529 continentur
935 1468 1019 1530 haec.
1051 1469 1164 1531 Bellum

189 1553 362 1633 Achaicum,
379 1554 455 1634 quod
476 1553 596 1619 Romani
619 1572 674 1633 per
695 1553 844 1614 Metellum
865 1561 894 1612 et
913 1551 1072 1613 Mummium
1094 1572 1162 1632 ges·

188 1650 273 1715 sere,
291 1654 348 1715 ιιιιο
365 1639 457 1698 diruta
471 1647 517 1698 est
532 1636 697 1698 Corinthus.
733 1636 846 1697 Belhrm
860 1636 940 1716 regis
949 1634 1084 1697 Eumenis
1098 1655 1165 1696 cum

188 1719 387 1802 Gallograecis
402 1731 431 1781 et
443 1723 472 1780 in
488 1722 594 1788 Pisidia
609 1740 672 1782 cum
687 1719 904 1797 Selegensibus
934 1719 994 1780 Res
1011 1738 1081 1799 quas
1094 1738 1164 1797 ges·

184 1805 225 1874 sit
246 1798 348 1877 Syriae
371 1824 424 1866 rex
438 1804 615 1880 Antiochus,
635 1813 665 1865 et
684 1821 746 1864 rex
751 1804 879 1882 Aegypti
894 1802 1077 1863 Ptolemaeus
1091 1802 1164 1881 Epi-

100 1939 103 1945 .
187 1888 307 1967 phanes.
325 1886 364 1950 Ut
374 1897 486 1949 mortuo
497 1888 665 1949 Ptolemaeo
676 1887 770 1949 relicti
784 1887 820 1948 ah
834 1904 870 1947 eo
885 1886 940 1946 lilii
949 1885 1005 1946 duo
1019 1887 1163 1948 Philome·

157 2025 159 2032 ,
188 1981 234 2034 tor
254 1981 285 2032 et
305 1970 468 2052 Euergetes
497 1974 617 2052 primum
645 1991 709 2034 oum
730 1970 875 2040 Antiocho
896 1966 1025 2031 habuere
1043 1969 1164 2071 hellam,

112 2121 115 2128 ,
188 2055 265 2134 quod
285 2073 338 2135 per
354 2056 498 2118 Romanos
520 2058 628 2117 linitum
647 2065 709 2133 est,
731 2055 835 2116 deinde
849 2056 923 2114 inter
935 2053 985 2132 se,
1001 2073 1059 2134 quo
1074 2058 1166 2115 maior

189 2148 234 2200 est
255 2140 409 2220 expulsus,
430 2134 621 2220 restitutoque
636 2140 757 2201 Romani
778 2141 853 2199 inter
868 2138 973 2199 fratres
987 2156 1080 2216 regna
1093 2139 1164 2199 divi-

188 2231 297 2283 serunt.
326 2222 365 2285 Ut
378 2233 490 2285 mortuo
505 2224 651 2294 Antiocho
670 2242 752 2303 rege
758 2224 860 2298 Syriae
875 2221 1040 2292 Demetrius
1055 2231 1164 2299 cogno-

188 2309 262 2366 mine
278 2308 378 2385 Soter,
395 2326 443 2387 qur
436 2307 566 2369 Romae
582 2308 677 2368 iuerat
694 2308 810 2383 obses,
824 2306 898 2367 clam
914 2306 987 2383 fugit
1008 2315 1163 2383 occupata·

78 2449 80 2455 ,
190 2408 246 2468 qne
263 2392 347 2466 Syria
363 2391 470 2452 bellum
485 2411 548 2452 oum
561 2389 713 2453 Timarcho
726 2391 877 2457 Medorum
895 2406 968 2467 rege
989 2386 1088 2448 hahuit
1109 2389 1163 2468 [et]
1195 2465 1198 2472 ι

190 2473 341 2534 Ariarathe
357 2493 429 2553 rege
440 2473 655 2554 Cappadocum.
671 2475 823 2553 Repetitae
840 2472 907 2534 inde
919 2473 1048 2548 origines
1063 2490 1165 2549 regum

190 2554 403 2635 Cappadocum.
415 2557 453 2619 Ut
464 2558 578 2620 habita
569 2567 644 2619 mter
652 2556 824 2620 Ariarathen
836 2566 864 2617 et
874 2554 1075 2635 Orophernem
1082 2574 1165 2632 regnu

191 2642 354 2703 certamina.
391 2640 430 2702 Ut
451 2651 563 2702 mortuo
583 2660 656 2720 rego
676 2641 765 2702 Asiae
778 2639 907 2702 Eumene
923 2639 1061 2699 suffectus
1082 2638 1165 2700 Atta·

115 2794 119 2801 Ι
190 2723 352 2814 lushellum
370 2743 434 2788 cum
448 2725 769 2802 Selegensibushubnit
790 2734 820 2785 et
844 2741 908 2785 cum
925 2722 1122 2801 regePrnsia.

352 2915 354 2918 .
467 2871 649 2921 PROLOGUS
664 2871 760 2920 LIBRI
776 2871 883 2920 XXXV.

240 2971 357 3048 Quinto
372 2982 402 3034 et
418 2963 564 3034 tricesimo
579 2973 723 3034 volumine
741 2974 921 3035 continentur
936 2971 1020 3032 haec
1052 2969 1166 3032 Bellum

117 3082 122 3093 ·
189 3059 338 3137 ιιιιιιιιιιιιι
348 3059 422 3119 mter
434 3054 536 3118 Cretas
551 3065 580 3116 et
592 3056 737 3118 Rhodios
754 3057 858 3118 sedrtro
869 3054 1051 3130 Chytuorom
1063 3055 1166 3115 adver
1191 3105 1193 3112 ,

190 3156 252 3202 sum
268 3139 470 3217 Cerymenses
499 3138 539 3201 Ut
558 3140 697 3202 adversus
713 3140 903 3216 Demetrium
906 3141 1011 3199 Sotera
1026 3136 1165 3199 snhorna·

190 3234 235 3285 tus
251 3234 296 3296 est
311 3224 478 3286 Alexander
492 3232 632 3304 tamquam
643 3226 756 3302 genitus
768 3209 919 3303 Epiphane
930 3221 1091 3288 Antiooho;
1108 3235 1165 3300 quo

192 3299 271 3369 hello
293 3307 386 3372 dotus
399 3309 562 3368 Demetrius
592 3309 721 3387 [interiit.
753 3307 792 3367 Ut
815 3306 919 3367 deinde
937 3307 1027 3366 maior
1041 3305 1166 3365 filiorum

135 3442 137 3446 ,
157 3405 161 3413 ·
191 3392 253 3451 eius
266 3391 466 3471 Demetrinsl'
457 3393 576 3451 rnsisnm
588 3393 705 3453 stultitia
716 3392 908 3452 Alexandrum
918 3389 997 3451 hello
1009 3386 1166 3449 vicitadiu·

191 3481 276 3532 vante
284 3473 450 3536 Ptolemaeo
461 3473 668 3554 Philometore·
681 3477 729 3555 qui
742 3493 778 3535 eo
790 3474 892 3550 hello
883 3475 998 3536 interiit.
1013 3471 1051 3535 Ut
1060 3470 1166 3533 deinde
