2442 3975
152 186 236 276 132Ι
305 129 314 156 x
514 195 621 243 nnoou
636 193 767 242 rourum
1001 186 1151 246 xlmae

87 378 90 396 ι
148 353 298 413 Amilcare
315 350 522 426 foedaverat:
543 350 760 428 propterquod
779 350 926 429 querellas
942 346 1149 425 Carthaginem

149 438 233 495 socii*
245 452 302 494 nou
323 442 380 493 tarn
401 434 438 493 de
457 433 623 511 Agathocle
647 450 731 509 quam
752 434 789 493 de
808 434 955 496 Amilcare
970 432 1147 508 detulerunt,

122 519 227 581 abano
242 528 272 577 ut
286 518 430 578 dominum
448 526 479 576 et
492 526 658 593 tyrannum,
682 516 761 576 illum
778 527 809 577 ut
825 517 1006 596 proditorem
1024 534 1147 592 arguen-

150 610 212 676 tes,
235 618 328 678 aquo
344 601 531 666 infestissimo
547 600 625 658 hosti
647 598 781 660 fortunae
806 602 953 661 sociorum
975 601 1148 677 interposita

122 686 287 763 epactione
308 685 431 746 donatae
453 684 524 744 siut:
550 683 680 742 sicutab
702 685 782 743 initio
800 687 966 759 Syracusae
989 685 1019 742 in
1041 681 1156 761 pignus

149 770 300 828 societatis
324 769 380 827 sint
400 767 541 841 traditae,
572 766 642 825 urbs
664 785 781 845 semper
802 768 916 839 Poenisx
929 768 1035 826 infesta
1059 775 1088 825 et
1110 766 1146 826 de

148 851 270 929 imperio
285 851 403 910 Siciliae
421 848 603 926 Carthaginis
624 851 752 927 aemula,
780 870 855 911 nune
873 854 993 929 insuper
1012 851 1147 909 civitates

123 935 299 995 esociorum
322 935 416 994 eidem
436 930 519 993 titulo
541 933 622 1010 pacis
643 934 784 994 addictas.
816 936 993 994 Denuntiare
1012 935 1098 1010 igitur
1113 951 1147 994 se

147 1018 222 1081 baec
245 1017 327 1077 brevi
348 1018 384 1077 ad
406 1018 489 1094 ipsos
515 1016 705 1076 redundatura
733 1035 768 1077 ae
797 1020 969 1117 propediem
996 1035 1145 1092 sensuros,

149 1109 283 1177 quantum
310 1101 377 1160 mali
403 1117 461 1159 non
483 1100 601 1160 Siciliae
625 1102 717 1177 magis
738 1119 823 1179 quam
847 1104 903 1179 ipsi
923 1101 1043 1162 Africae
1066 1101 1146 1160 adtu-

122 1183 246 1245 tileriut
281 1183 332 1241 His
350 1184 490 1281 querellis
509 1193 627 1242 senatus
642 1186 672 1242 in
691 1184 866 1246 Amilcarem
882 1185 1064 1244 accenditur:
1093 1182 1148 1241 sed

149 1267 283 1363 quoniam
302 1268 330 1324 in
350 1269 471 1363 imperio
488 1277 584 1342 esset,
608 1270 695 1326 tacita
711 1268 747 1327 de
767 1288 802 1329 eo
820 1268 957 1344 suffragia
972 1266 1100 1325 tulerunt
1117 1276 1148 1324 et

149 1348 324 1424 sententias,
350 1351 516 1427 priusquam
535 1351 745 1425 recitarentur,
767 1354 794 1411 in
812 1369 909 1410 urnam
926 1351 1077 1409 coniectas
1092 1349 1146 1408 ob·

149 1431 258 1507 signari
276 1432 438 1507 iusserunt,
459 1432 525 1491 duta
541 1433 617 1492 alter
632 1432 775 1510 Amilcar,
798 1434 934 1510 Gisgonis
951 1433 1045 1509 lilius,
1066 1451 1083 1492 a
1101 1434 1146 1493 st·

46 1529 53 1538 ·
121 1514 216 1576 leilia
230 1523 438 1594 reverteretur.
469 1514 528 1574 Sed
544 1516 618 1575 haec
634 1518 738 1576 callida
755 1527 914 1577 commenta
935 1518 1097 1577 Poenorum
1116 1525 1146 1575 et

148 1600 307 1657 sententias
333 1599 474 1658 inauditas
502 1616 581 1658 mors
608 1600 763 1661 Amilcaris
789 1603 963 1679 praevenit,
992 1600 1144 1660 liberatus·

147 1698 205 1756 que
226 1690 272 1740 est
294 1681 344 1740 fati
371 1699 506 1757 munere,
533 1681 623 1760 vquem
647 1701 702 1760 per
726 1685 856 1744 iniuriam
883 1686 964 1744 cives
989 1684 1145 1743 inauditum

122 1762 364 1823 8dananaverant.
403 1763 485 1837 Quae
508 1784 557 1824 res
578 1766 737 1843 Agathocli
756 1768 896 1830 adversus
919 1768 1035 1827 Poenos
1057 1783 1143 1825 occa·

121 1848 261 1912 osionem
274 1848 409 1908 movendi
423 1847 495 1907 belli
512 1848 599 1908 dedit.
637 1849 731 1910 Prima
747 1853 834 1927 igitur
848 1852 891 1911 illi
908 1869 971 1910 cum
986 1850 1144 1921 amilcare,

149 1927 284 2007 Gisgonis
306 1931 381 2007 tilio,
404 1932 510 2010 proelii
532 1935 705 2009 congressio
729 1934 800 2011 luit,
823 1954 839 1994 a
862 1952 918 2013 quo
934 1936 1026 1993 victus
1041 1932 1144 1991 maiori

106 2024 140 2075 10
152 2013 229 2073 aete
245 2024 431 2092 reparaturus
449 2014 558 2075 bellurn
574 2019 736 2091 Syracusas
753 2021 909 2078 concessit.
947 2017 1007 2077 Sed
1023 2015 1144 2075 secundi

98 2091 104 2102 ”
149 2099 313 2158 certaminis
329 2098 431 2157 eadem
445 2098 560 2158 lortuna
576 2118 650 2178 quae
665 2111 695 2161 et
711 2103 817 2177 prioris
833 2102 895 2161 luit.

122 2190 138 2241 1
212 2181 242 2240 4
266 2179 362 2241 Cum
353 2183 439 2257 igitur
451 2182 580 2242 victores
593 2183 685 2242 Poeni
697 2186 858 2258 Syracusas
872 2184 1063 2245 obsidione
1038 2183 1142 2247 ernxts-

147 2272 226 2334 sent,
251 2263 448 2352 Agathocles,
473 2266 551 2364 quod
572 2285 605 2324 se
628 2285 723 2344 neque
743 2269 852 2328 viribus
874 2286 974 2347 parem
994 2284 1090 2345 neque
1107 2266 1143 2325 ad

146 2344 330 2406 obsidionem
345 2337 519 2429 ferendam
509 2358 679 2409 abstractum
693 2351 817 2425 videret,
834 2369 923 2428 saper
937 2351 1010 2409 haec
1022 2367 1038 2407 a
1050 2350 1143 2411 sociis

147 2429 320 2489 crudelitate
348 2432 411 2489 eius
441 2432 561 2491 olleusis
585 2432 720 2492 desertus
742 2443 838 2508 esset,
866 2435 964 2492 statuit
983 2432 1122 2490 bellurn
1113 2449 1144 2490 tn

118 2511 280 2572 adfricans
299 2514 492 2574 transferre:
512 2517 583 2574 mira
605 2534 724 2594 prorsus
746 2516 882 2590 audacia,
908 2524 956 2590 ut,
986 2514 1123 2593 quibus'
1115 2533 1145 2573 nn

147 2594 213 2654 solo
236 2595 316 2654 urbis
336 2613 407 2657 suae
428 2616 481 2676 par
500 2616 558 2657 nou
581 2608 661 2675 erat,
683 2616 783 2671 eorum
800 2597 863 2657 urbi
885 2598 993 2657 bellurn
1009 2599 1142 2672 interret,

147 2687 176 2737 et
198 2680 246 2757 qui
268 2697 319 2739 sua
341 2683 415 2739 tueri
436 2699 492 2740 uon
514 2691 646 2760 poterat,
675 2684 847 2758 inpugnaret
867 2682 961 2741 aliena
988 2684 1143 2757 rictusque

117 2762 307 2826 dvictoribus
330 2764 490 2825 insultaret.
528 2765 618 2825 Huius
642 2766 757 2825 consilii
781 2784 837 2825 non
860 2767 952 2824 minus
973 2764 1142 2826 admirabile

145 2847 290 2909 silentium
314 2865 398 2924 quam
418 2858 608 2908 commentum
624 2850 686 2909 luit.
718 2849 832 2927 Populo
846 2848 903 2908 boc
919 2850 1011 2909 solum
1027 2847 1141 2926 profes·

145 2948 213 3003 sus,
235 2931 381 2990 invenisse
404 2950 437 2990 ss
458 2934 599 2992 victoriae
615 2935 704 2991 viam:
729 2935 838 2993 animos
852 2933 894 2992 illi
910 2941 1016 2991 tanturn
1031 2933 1059 2989 in
1075 2930 1141 2989 bre·

145 3030 212 3078 veut
228 3012 387 3073 obsidionis
404 3014 570 3092 patientiam
586 3016 748 3085 lirmarent;
765 3018 832 3093 vel,
848 3018 872 3075 si
889 3018 934 3074 cui
949 3025 1040 3074 status
1057 3031 1141 3091 prae·

144 3098 237 3156 sentis
256 3098 390 3157 fortunae
412 3099 598 3176 displiceret,
630 3099 699 3157 dare
722 3118 754 3157 se
779 3101 806 3158 ei
827 3099 995 3159 discedendi
1021 3098 1142 3157 liberam

118 3189 331 3258 apotastatem.
376 3179 448 3240 Gurn
466 3182 545 3241 mille
566 3183 694 3240 sescenti
715 3183 938 3257 discessissent,
964 3192 1080 3241 ceteros
1102 3180 1141 3239 ob

146 3262 307 3322 obsidionis
318 3266 525 3324 necessitatem
538 3264 682 3323 frumento
699 3273 728 3323 et
744 3265 889 3342 stipendio
905 3266 1031 3331 instruit:
1048 3265 1142 3323 Ltan·

145 3355 204 3403 tum
228 3363 328 3404 secum
350 3348 457 3406 talenta
478 3349 513 3407 ad
535 3358 722 3424 praesentem
743 3366 824 3406 usum
846 3348 958 3423 aufert,
983 3356 1082 3407 cetera
1102 3365 1143 3405 ex

121 3426 236 3487 bhoste
261 3427 365 3487 melius
390 3447 474 3505 quam
490 3447 538 3489 ex
565 3432 655 3489 sociis
687 3439 849 3508 paraturus.
899 3429 1007 3491 Omnes
1037 3431 1142 3491 deinde
1174 3430 1177 3437 '
