2442 3975
152 171 212 235 188
515 181 625 232 auom
644 181 776 230 nouam
972 174 1147 233 xxxvnts

128 351 142 403 ι
172 395 175 400 ,
217 339 246 396 l.
269 335 430 415 optandam
446 335 502 395 sibi
518 335 609 395 inisse
625 338 679 411 ait,
701 344 733 395 ut
746 335 783 395 de
798 350 836 393 eo
854 334 962 395 liceret
975 338 1145 419 consulere,

122 420 298 485 abellenus
321 422 358 480 sit
381 438 444 479 cunr
460 419 597 480 Romanis
619 437 655 478 an
677 436 734 497 pax
753 417 902 478 habenda:
925 420 993 494 quin
1017 439 1089 480 vero
1107 425 1147 483 sit

149 503 342 565 resistendum
357 503 596 583 inpugnantibus,
612 521 649 562 ne
664 518 718 562 eos
736 502 851 578 quidem
869 500 1012 578 dubitare,
1025 507 1074 582 qui
1089 524 1144 584 spe

96 608 106 613 ”
150 589 293 646 victoriae
303 596 434 647 careant:
446 587 556 664 quippe
568 585 710 645 adversus
723 585 881 659 latronem,
894 587 919 663 si
931 597 1076 663 nequeant
1087 607 1143 667 pro
1170 591 1172 595 ’

122 670 262 745 Melcte,
280 687 333 748 pro
352 670 460 729 ultione
478 679 573 728 tamen
588 686 640 728 sua
658 685 758 727 omnes
774 668 883 726 ferrum
898 670 1054 745 stringere.
1087 671 1141 731 Ge·

150 762 243 815 terum
261 755 326 831 quia
348 770 405 812 non
426 752 455 812 id
476 753 585 828 agitur,
611 770 648 810 en
670 751 759 810 liceat
777 752 935 828 quiescere
957 762 1141 814 contactum

150 839 244 896 animo
257 836 413 910 hostiliter,
427 834 576 894 sedetiam
588 833 704 911 proelio
719 836 904 910 congressis,
921 832 1141 912 consulendum,

120 929 205 996 aqua
223 920 335 978 ratione
351 936 386 977 ao
401 936 456 997 spe
472 927 577 995 coepte
593 916 673 976 bella
690 919 858 976 sustineant.
886 915 962 976 Esse
979 925 1073 978 autem
1086 921 1143 979 sibi

149 1002 292 1061 victoriae
302 1001 446 1076 fiduciam,
461 1002 485 1061 si
496 1002 534 1059 sit
545 1000 603 1059 illis
615 1002 734 1075 animus,
743 1001 951 1078 Romanosque
962 1002 1039 1062 vinci
1051 1021 1143 1080 posse

151 1087 296 1161 cognitum
310 1102 368 1144 non
382 1083 437 1143 sibi
454 1085 546 1160 magis
564 1100 648 1160 quam
663 1085 736 1160 ipsis
757 1082 912 1159 militibus,
933 1086 981 1161 qui
1005 1088 1078 1144 etin
1096 1086 1143 1144 Bi·

121 1169 247 1242 5tbynia
262 1168 407 1245 Aquilium
423 1176 452 1226 et
469 1167 617 1226 blaltinum
635 1168 663 1224 in
680 1163 869 1243 Cappadocia
884 1167 1018 1226 fuderint.
1050 1169 1097 1227 Ac
1117 1169 1144 1227 si
1180 1227 1186 1232 ,

151 1268 236 1329 quem
248 1251 342 1310 aliena
355 1252 447 1325 magis
459 1249 593 1327 exempla
612 1266 696 1325 quam
712 1265 764 1328 sna
779 1251 977 1327 experimenta
991 1261 1143 1326 moveant,

151 1333 250 1393 audire
282 1352 313 1394 se
339 1353 355 1393 a
379 1332 473 1407 Pyrro
497 1349 571 1408 rege
591 1331 674 1410 Epiri
696 1349 754 1391 non
775 1332 896 1410 amplius
920 1333 1046 1409 quinque
1066 1335 1144 1394 mili·

149 1415 204 1475 bus
230 1416 420 1476 Macedonum
433 1418 585 1475 ‘instructo
610 1415 692 1477 lusos
718 1415 810 1477 tribus
832 1415 953 1494 proeliis
980 1414 1142 1476 Romanos.

121 1508 138 1561 6
149 1499 257 1559 Audire
270 1498 442 1558 Annibalem
454 1498 584 1558 sedecim
595 1500 677 1557 annis
690 1498 793 1558 ltaliae
803 1500 945 1557 victorem
959 1500 1141 1574 inmoratum,

150 1592 180 1641 et
193 1584 264 1661 quin
279 1584 371 1660 ipsam
389 1591 510 1660 caperet
527 1580 645 1659 urbem,
661 1598 718 1640 non
733 1581 927 1665 Romaqorum
942 1582 986 1644 illi
998 1583 1080 1642 vires
1095 1601 1143 1642 re·
1169 1582 1172 1586 ’

151 1667 275 1738 stitisse,
293 1667 346 1725 sed
358 1664 536 1727 domesticae
552 1665 753 1724 aemulationis
766 1675 853 1743 atque
866 1665 992 1725 invidiae
1007 1666 1141 1726 studium.

122 1754 137 1809 i
150 1747 260 1807 Audire
276 1749 403 1825 populos
420 1748 614 1825 transalpinae
635 1746 747 1807 Galliae
761 1748 872 1807 ltaliam
886 1749 1039 1824 ingressos
1053 1750 1141 1808 maxi·

151 1833 203 1889 mis
224 1847 286 1889 eam
311 1831 500 1909 plurimisque
522 1829 644 1889 urbibus
665 1830 828 1909 possidere·
844 1840 875 1889 et
894 1831 979 1891 latius
995 1831 1142 1909 aliquanto

151 1913 246 1973 solum
266 1914 377 1991 linium,
405 1931 490 1992 quam
509 1914 538 1972 in
559 1914 647 1987 Asia,
669 1931 745 1992 quae
770 1913 883 1973 dicatur
907 1913 1038 1990 inbellis,
1066 1914 1143 1973 idem

120 1996 226 2060 suelli
246 2000 484 2075 occupavissent:
507 2016 563 2057 nec
581 1999 686 2056 victam
709 1997 803 2057 solum
825 1997 881 2057 dici
905 1998 960 2056 sibi
983 1996 1104 2056 Romam
1126 2015 1144 2057 a

151 2078 258 2156 Gallis,
273 2082 326 2141 sed
342 2083 426 2141 etiarn
439 2089 568 2159 captam,
585 2082 625 2140 ita
639 2089 670 2140 ut
685 2082 767 2139 unitus
781 2080 839 2139 illis
852 2082 957 2139 montis
972 2090 1078 2140 tantum
1092 2098 1143 2140 ea·

136 2180 255 2223 *cumen
266 2164 496 2243 relinqueretur:
512 2180 568 2223 nec
580 2162 662 2222 bello
674 2164 798 2238 bostem,
812 2163 865 2225 sed
881 2165 976 2239 pretio
987 2172 1141 2248 remotum..

122 2245 299 2309 9Gsllcrum
319 2257 412 2307 autem
434 2264 555 2321 nornen,
575 2246 653 2323 quod
674 2263 792 2324 semper
811 2247 959 2306 Romanos
976 2248 1143 2319 terruit,·in

150 2338 261 2404 partem
280 2332 380 2389 virium
401 2348 515 2391 suarum
530 2332 597 2407 ipse
620 2339 761 2389 numeret.
793 2327 864 2388 Nam
883 2329 952 2406 lros,
974 2330 1023 2407 qui
1042 2328 1143 2388 Asiam

150 2411 293 2486 incolunt,
310 2412 410 2473 Gallos
430 2413 465 2474 ab
487 2415 561 2487 illis,
581 2415 630 2490 qui
646 2412 757 2472 ltaliam
772 2422 1006 2490 occupaverant,
1023 2412 1144 2471 sedibus

150 2502 257 2553 tantum
284 2496 408 2570 distare,
441 2498 584 2573 originem
616 2497 732 2575 quidem
760 2515 796 2555 ac
822 2497 960 2555 virtutem
988 2496 1143 2573 genusque

108 2588 143 2641 10
155 2594 268 2655 pugnae
282 2578 358 2639 idem
373 2578 496 2639 babere:
512 2588 652 2655 tantoque
666 2580 710 2639 lris
722 2580 836 2638 acriora
850 2596 1014 2655 essequam
1029 2578 1087 2638 illis
1099 2580 1142 2636 in·

151 2663 253 2738 genia,
281 2662 359 2740 quod
387 2662 520 2739 longiore
549 2679 584 2721 ae
605 2662 892 2740 difficiliore·spatic
918 2680 972 2739 per
995 2660 1143 2734 lllyriorum

150 2743 358 2823 Thraciamque
370 2746 539 2824 prodierint,
555 2762 649 2823 paene
663 2746 817 2824 operosius
828 2745 955 2805 transitis
968 2761 1068 2802 eorum
1080 2744 1142 2802 dni·

109 2838 141 2890 ll
154 2828 208 2887 bus
219 2846 304 2908 quam
315 2829 364 2887 ubi
377 2828 539 2889 consedere
557 2830 716 2905 possessis.
739 2828 797 2888 lam
809 2826 1022 2906 ipsam-ltaliam
1041 2825 1142 2891 audire

150 2930 184 2971 se
204 2929 372 2991 numquam,
391 2921 421 2972 ut
435 2911 529 2972 Roma
547 2911 662 2970 condita
679 2913 734 2986 sit,
758 2914 829 2970 satis
851 2911 896 2970 illi
917 2920 1065 2987 pacatam,
1087 2908 1142 2968 sed

150 2995 270 3066 adsidue
287 3013 340 3073 per
351 3012 453 3055 omnes
467 3010 558 3054 annos
574 3011 627 3072 pro
645 2994 779 3071 libertate
794 2995 886 3068 elios,
904 2993 1043 3070 quosdam
1056 2992 1142 3050 etiarn

109 3088 207 3156 ltpro
223 3081 288 3138 vice
305 3081 417 3156 imperii
440 3079 525 3138 bellis
547 3078 689 3137 continuis
710 3093 935 3155 perseuerasse:
958 3085 988 3134 et
1006 3092 1022 3134 a
1043 3074 1142 3133 moltis

39 3181 50 3199 ·
152 3161 315 3221 civitatibus
338 3162 438 3221 ltaliae
465 3161 580 3221 deletos
606 3161 800 3220 Romanorum
825 3159 971 3219 exercitus
998 3158 1086 3242 ferri,
1124 3174 1141 3215 a

109 3254 143 3306 13
154 3244 321 3322 quibusdam
341 3262 418 3304 novo
442 3243 634 3303 contumeliae
655 3243 811 3303 more=sub
834 3245 932 3318 iugum
947 3243 1063 3300 missos.
1095 3238 1142 3297 Ac

150 3344 188 3384 ne
208 3326 357 3386 ueteribus
377 3330 551 3388 inmcremur
574 3326 733 3403 exemplis,
760 3307 903 3403 hocQso
926 3335 1059 3401 tempore
1077 3323 1142 3379 oni·

150 3424 265 3465 versam
276 3407 386 3467 ltaliam
401 3409 482 3468 bello
493 3408 619 3469 llarsieo
631 3409 863 3484 consurrexisse,
878 3425 937 3467 non
950 3408 1005 3473 ianr
1021 3403 1141 3464 liberta·
