2442 3975
158 153 218 225 148
527 157 634 206 nnoor
651 155 783 204 ronrur
988 147 1062 199 xxv
1073 119 1161 201 Η

156 333 277 394 regnum
300 331 363 375 cum
385 331 421 373 eo
442 321 524 390 parta
546 311 667 370 victoria
683 309 842 370 diviserunt
861 326 983 387 eamque
999 310 1158 385 regionem

157 398 389 475 Gallograeciam
406 395 692 471 cognominaverunt.

130 495 146 546 1
187 490 192 500 ¹
221 477 260 540 3(
275 481 348 539 Dum
363 476 479 538 haec'in
491 478 561 535 Asia
571 484 732 552 geruntur,
747 475 859 533 interim
874 476 903 533 in
924 474 1022 533 Sicilia
1042 474 1156 549 Pyrrus

157 564 291 624 aPoenis
308 562 402 624 navali
418 561 532 639 proelio
549 562 644 617 victus
658 558 695 616 ab
709 558 856 632 Antigono
868 556 1060 616 Macedoniae
1075 575 1155 634 rege

130 647 389 723 asupplementum
416 645 535 704 militum
563 660 617 720 per
643 641 758 717 legatos
784 642 873 718 petit,
905 640 1094 715 denuntians,
1124 641 1155 698 ni

155 734 264 805 mittat,
295 729 392 788 redire
414 746 447 785 se
469 728 497 785 in
519 742 641 801 regnum
666 742 790 783 necesse
816 723 942 801 habere,
973 724 1155 782 incrementa

156 829 271 888 rerum,
299 829 374 889 quae
397 812 433 870 de
458 809 595 868 Romanis
619 807 772 881 voluerit,
790 808 826 865 de
851 808 916 884 ipso
942 808 1153 885 quaesiturum.
1204 839 1208 848 ·

130 893 243 967 assuod
266 893 314 953 ubi
329 902 466 969 negatum
482 893 572 968 legati
587 890 766 964 retulerunt,
788 889 974 949 dissimulatis
992 889 1088 949 causis
1104 907 1153 948 re-

130 978 304 1053 dpentinam
319 977 400 1053 fingit
416 976 640 1052 profectionem.
671 973 775 1032 Socios
793 973 905 1031 interim
922 990 1026 1050 parare
1041 971 1154 1036 bellum

157 1058 253 1134 iubet,
290 1061 366 1118 arcis
394 1058 566 1117 Tarentinae
591 1056 751 1116 custodiam
777 1055 890 1115 lleleno
917 1056 975 1115 filio
1002 1064 1032 1114 et
1058 1057 1153 1114 amico

131 1140 259 1205 tMiloni
282 1142 376 1202 tradit.
414 1141 563 1201 Reuersus
583 1142 610 1197 in
626 1138 745 1217 Epirum
761 1141 856 1198 statim
871 1139 943 1198 fines
959 1137 1153 1197 Macedoniae

158 1225 280 1283 invadit:
322 1226 367 1283 cui
394 1222 558 1300 Antigonus
584 1241 649 1281 cum
677 1223 809 1281 exercitu
839 1223 967 1282 occurrit
997 1223 1153 1299 victusque

134 1307 277 1383 oproelio
298 1309 326 1365 in
349 1307 447 1383 lugam
469 1308 599 1365 vertitur.
638 1305 734 1382 Atque
760 1312 798 1366 ita
823 1307 930 1381 Pyrrus
947 1304 1152 1370 Macedoniam

159 1390 188 1446 in
206 1385 522 1466 deditionem'accepit
541 1388 678 1447 etveluti
697 1388 798 1447 damna
819 1389 943 1447 amissae
959 1388 1077 1447 Siciliae
1093 1386 1151 1446 lta·

158 1471 275 1549 liaeque
305 1473 449 1549 adquisito
474 1471 666 1531 Macedoniae
694 1489 787 1547 regno
813 1479 984 1548 pensasset,
1017 1471 1151 1530 relictum

131 1554 277 1632 tharenti
302 1555 390 1614 hlium
414 1565 444 1619 et
468 1557 594 1614 amicum
611 1556 743 1613 arcessit.
782 1554 945 1630 Antigonus
966 1563 1060 1613 autem
1085 1571 1151 1611 cunr

158 1640 259 1714 paucis
282 1638 444 1717 equitibus,
466 1639 554 1715 fugae
578 1637 748 1712 comitibus,
770 1646 894 1715 repente
915 1638 1049 1715 fortunae
1064 1653 1149 1696 orna·

158 1722 262 1780 mentis
282 1721 435 1781 destitutus
457 1722 555 1781 amissi
578 1722 662 1795 regni
685 1720 888 1799 speculaturus
911 1729 1034 1779 eventus
1057 1718 1150 1779 Thes-

157 1802 314 1863 salonicam
332 1823 364 1864 se
381 1806 510 1881 recepit,
531 1813 561 1863 ut
582 1804 649 1862 inde
665 1822 728 1874 curn
749 1804 890 1863 conducta
909 1803 1055 1863 Gallorum
1074 1820 1149 1861 mer-

130 1896 149 1949 8
161 1892 296 1946 cennaria
304 1906 386 1947 manu
396 1887 503 1946 bellum
511 1895 673 1965 repararet.
691 1886 802 1972 Rursus
811 1886 846 1946 ab
854 1887 1023 1946 Ptolemaeo
1036 1932 1045 1963 ,
1061 1884 1146 1960 Pyrri

157 1968 234 2046 lilio,
264 1969 391 2030 funditus
413 1971 525 2047 victus,
555 1989 619 2030 cunr
643 1979 757 2048 septem
780 1970 931 2030 comitibus
951 1970 1065 2044 fugiens
1090 1985 1150 2027 non

156 2052 212 2111 iam
232 2053 417 2133 reciperandi
437 2056 520 2130 regni
542 2072 641 2132 spem,
664 2054 716 2114 sed
739 2055 838 2115 salutis
861 2053 987 2114 latebras
1009 2070 1044 2112 ac
1059 2051 1149 2129 fugae

157 2135 378 2210 solitudinisque
406 2146 513 2214 captat.
719 2160 721 2162 ’
843 2164 846 2169 ⁴
1194 2193 1199 2201 .

130 2230 145 2280 1
219 2221 254 2278 4.-
273 2217 365 2295 lgitur
380 2220 487 2294 Pyrrus
518 2221 548 2278 in
577 2228 657 2279 tanto
672 2220 790 2296 fastigio
808 2221 892 2297 regni
908 2219 1077 2278 conlocatus
1092 2216 1148 2276 iam

156 2317 212 2359 nec
228 2317 264 2360 eo
272 2345 281 2378 ,
297 2302 334 2361 ad
346 2303 425 2379 quod
435 2303 511 2361 votis
524 2303 752 2379 perveniendum
765 2303 876 2378 fuerat,
894 2311 1047 2361 contentus
1058 2298 1146 2359 Grae·

130 2381 383 2461 aciaeAsiaeque
402 2378 495 2461 regna
507 2386 669 2445 meditatur.
693 2384 796 2463 Neque
814 2386 855 2444 illi
870 2387 962 2444 maior
978 2384 1146 2460 eximperio

157 2483 242 2541 quarn
265 2484 302 2524 ex
323 2467 403 2526 bello
418 2468 554 2546 voluptas
569 2478 649 2543 erat,
673 2468 898 2546 necquicquam
921 2463 1069 2541 byrrum,
1090 2483 1147 2543 qua

130 2547 272 2610 etuttsset
291 2550 459 2627 imperium,
482 2551 626 2610 sustinere
647 2546 763 2611 ualuit(
782 2551 842 2611 Sed
863 2559 893 2609 nt
915 2553 951 2611 ad
967 2549 1146 2609 devincenda

155 2648 247 2708 regna
264 2633 388 2692 invictus
402 2632 581 2709 habebatur,
597 2635 635 2693 ita
652 2634 995 2711 devictis‘adquisitisqne
1009 2634 1147 2693 celeriter

156 2714 285 2773 carebat.
331 2715 422 2775 Tanto
449 2716 552 2776 melius
580 2717 717 2776 studebat
743 2718 897 2795 adquirere
919 2719 1038 2794 imperia
1062 2732 1146 2792 qnam

127 2797 293 2859 dretincre.
337 2796 439 2875 ltaque
472 2816 534 2858 cum
562 2800 665 2877 copias
691 2798 879 2861 Cherroneso
905 2800 1145 2877 transposuisset,

156 2879 353 2955 legationibus
374 2880 594 2943 Atheniensium
620 2892 649 2941 et
669 2882 855 2943 Achaeorum
876 2881 1146 2957 Messeniorumque

129 2964 312 3040 texcipitnr.
350 2964 409 3024 Sed
432 2974 461 3023 et
477 2964 598 3025 Graecia
618 2966 710 3025 omnis
731 2965 919 3025 admiratione
933 2965 1055 3024 nominis
1071 2966 1145 3037 eins,

156 3046 240 3104 simul
262 3055 292 3104 et
308 3065 405 3106 rerunr
422 3048 563 3108 adversus
579 3047 727 3109 Romanos
743 3050 918 3125 Poenosque
933 3056 1081 3124 gestarum
1096 3046 1145 3105 ad·

129 3131 248 3191 otonita
263 3129 416 3189 adrentum
432 3132 494 3190 eius
511 3131 697 3209 expectabat.
725 3131 848 3192 Primum
864 3131 906 3191 illi
921 3131 1030 3189 bellum
1044 3128 1144 3188 adver·

155 3229 206 3269 sus
222 3212 382 3290 Spartanos
404 3213 473 3273 luit:
494 3215 604 3274 maiore
627 3216 776 3275 mulierum
796 3232 883 3292 quarn
899 3215 1026 3275 virorum
1039 3212 1145 3271 virtute

156 3303 298 3372 exceptus
314 3305 343 3354 et
356 3296 553 3359 Ptolemaeum
570 3298 657 3357 tilium
673 3306 701 3356 et
717 3299 864 3357 exercitus
879 3306 990 3374 partem
1004 3295 1144 3354 robustis·

129 3377 258 3436 'leimam
279 3379 387 3438 amisit:
411 3382 520 3459 quippe
537 3383 715 3459 oppugnanti
732 3379 832 3440 urbem
847 3382 884 3440 ad
898 3380 1016 3439 tutelam
1033 3377 1143 3455 patriae
