2442 3975
74 126 77 133 ⁴
105 138 113 157 '
134 159 177 220 112
498 170 605 218 rnocr
621 168 753 221 romunt
791 182 796 191 ·
1040 164 1136 220 vna

134 322 271 383 mulieres
287 341 376 383 sexus
391 321 565 384 inbecillitas
581 322 658 383 domi
675 331 772 382 tenet:
795 323 868 384 adeo
891 325 932 384 ad¹
948 340 1061 384 omnem
1083 343 1135 385 ae·

42 434 48 442 ·
103 405 121 459 6
136 415 223 465 tatem
237 407 307 466 tanti
322 406 388 466 mali
404 425 507 466 seusus
524 415 739 485 penetraverat.
775 405 807 466 ln
822 407 887 468 foro
904 408 1008 468 deinde
1025 414 1136 466 coeunt

136 498 222 567 atque
239 489 278 548 ibi
294 491 409 569 perpeti
424 499 511 549 nocte
526 492 670 550 fortunam
683 490 829 567 publicam
847 483 997 570 questibus
1018 493 1132 550 iterant.

102 578 119 632 7
135 572 193 631 Alii
209 572 314 633 fratres
330 582 377 633 aut
395 567 476 633 lilins‘
487 582 535 633 ant
551 582 688 652 parentes
706 573 823 649 deflent,
844 581 984 650 cognatos
999 573 1064 647 alii,
1084 571 1133 636 alii

135 657 243 716 amicos
260 658 392 733 cognatis
409 657 556 732 cariores,
578 667 687 716 etcum
703 658 824 733 privatis
841 656 956 717 casibus
973 654 1136 733 querellam

100 747 122 799 8
136 738 280 815 publicam
295 741 435 800 miscent:
459 740 514 799 iam
529 759 562 799 se
579 740 676 818 ipsos,
698 741 755 799 iam
776 741 869 818 ipsam
884 741 1008 817 >patriam
1024 739 1133 814 peritu-

135 838 196 880 ram
220 824 460 901 miserioremque
483 823 667 884 incolumium
695 839 779 899 quam
801 823 971 882 amissorum
992 821 1137 880 fortunam

100 904 312 973 biudicantem
335 906 390 965 sibi
408 908 532 985 quisque
551 916 617 966 ante
633 905 737 966 oculos
761 905 957 980 obsidionem,
979 904 1083 965 famem
1105 911 1137 962 et
1182 934 1184 937 ·

93 995 128 1047 lo
137 987 294 1064 superbum
309 991 510 1068 victoremque
525 989 639 1050 hostem
658 999 870 1067 proponentem
888 991 943 1050 iam
963 988 1071 1072 ruinam
1087 1004 1134 1045 nr·

135 1069 180 1129 bis
196 1080 226 1129 et
241 1073 383 1147 incendia,
402 1074 458 1131 iam
474 1074 597 1132 omnium
613 1074 808 1150 captivitatem
825 1082 854 1137 et
869 1073 1058 1132 miserrimam
1072 1087 1134 1128 ser·

92 1155 253 1216 llvitutcm
268 1155 473 1221 recordantes:
496 1155 645 1215 feliciores
661 1173 781 1232 prorsus
803 1158 917 1234 priores
936 1155 1016 1214 urbis
1037 1155 1135 1213 ruinas

135 1236 287 1311 ducentes,
304 1256 378 1315 quae
398 1238 591 1305 incolumibus
601 1239 668 1298 liliis
682 1238 909 1316 parentibusque
920 1247 1062 1298 tectorum
1073 1244 1134 1294 tan·

92 1329 126 1383 12
135 1327 193 1377 tum
207 1321 306 1379 ruinae
322 1330 436 1380 taxatae
453 1323 524 1380 sint:
545 1340 621 1381 nunc
637 1331 730 1381 antem
755 1338 813 1381 non
834 1323 975 1396 classem,
1000 1321 1029 1379 in
1050 1334 1134 1396 quam

134 1403 219 1461 sicuti
242 1403 354 1481 pridem
377 1404 560 1481 confugiant,
579 1423 751 1483 superesse;
772 1423 830 1465 uon
851 1406 1029 1482 exercitum,
1053 1403 1135 1461 cuins
1194 1404 1204 1465 ’.

134 1487 239 1545 virtute
255 1489 363 1546 servati
377 1487 544 1565 pulchriora
560 1497 682 1573 possent
694 1490 808 1548 muenia
822 1498 969 1548 extruere.
1027 1540 1032 1543 .
1160 1550 1163 1553 ,

103 1573 118 1630 1
198 1566 227 1628 8.
251 1570 300 1629 Sic
317 1569 442 1630 defletae
462 1589 497 1633 ac
517 1587 611 1649 prope
633 1572 765 1648 perditae
786 1572 850 1631 urbi
871 1572 973 1632 hostes
992 1584 1133 1647 superve-

102 1653 213 1712 2niunt
228 1661 258 1711 et
273 1652 424 1713 obsidione
441 1655 616 1715 circumdata
631 1655 772 1722 obsessos
787 1657 863 1715 fame
880 1661 1014 1733 urguent.
1052 1651 1133 1711 Scie-

136 1733 205 1794 bant
220 1735 295 1795 enim
311 1754 406 1816 neque
423 1755 460 1797 ex
476 1739 609 1798 advectis
622 1740 715 1817 copiis
730 1739 846 1799 multum
863 1753 1033 1817 superesse,
1051 1743 1133 1793 etue

101 1828 121 1884 3
136 1835 230 1880 novae
246 1818 351 1882 advehi
365 1831 488 1899 possent
502 1822 698 1900 providerant.
744 1820 856 1894 Quibus
877 1821 959 1881 malis
974 1817 1133 1878 Athenien·

136 1922 186 1964 ses
200 1903 285 1964 fracti
301 1913 367 1983 post
382 1905 499 1981 longam
518 1906 622 1964 famem
641 1914 670 1964 et
685 1904 804 1965 adsidua
825 1916 942 1963 suorum
961 1902 1064 1960 funera
1083 1916 1133 1976 pa·

137 2006 200 2047 cem
218 1991 368 2066 petivere,
385 2008 460 2068 quae
478 2008 514 2050 an
530 1991 591 2050 dari
608 1989 741 2062 deberet,
758 1989 805 2047 diu
821 1987 898 2067 inter
910 1989 1071 2064 Spartanos
1086 1999 1133 2041 so·

100 2071 259 2148 d'ciosque
289 2072 488 2132 deliberatum.
526 2070 598 2132 Cum
626 2072 706 2132 multi
731 2070 884 2130 delendum
914 2068 1134 2130 Atheniensium

136 2170 242 2215 nomen
263 2154 423 2233 urbemque
447 2156 582 2216 incendio
604 2153 828 2214 consumendam
851 2160 1024 2227 censerent,
1045 2167 1133 2226 nega·

135 2245 201 2295 runt
216 2254 250 2295 se
264 2238 398 2315 Spartani
414 2258 451 2298 eu
467 2237 579 2299 duobus
589 2237 731 2299 Graeciae
744 2238 837 2297 oculis
849 2237 972 2298 alterum
984 2242 1133 2304 eruturos;

102 2331 120 2382 5
136 2334 240 2397 pacem
250 2320 382 2401 polliciti,
390 2325 414 2382 si
427 2323 551 2382 demissa
563 2321 694 2381 Piraeum
706 2339 810 2381 uersus
818 2322 890 2379 muri
899 2316 1133 2379 bracchiadeice·

136 2410 201 2460 rent
228 2419 394 2482 navesque,
417 2423 491 2483 quae
513 2406 777 2482 reliquaeforent,
793 2405 942 2464 traderent
956 2403 1059 2480 reique
1081 2416 1133 2475 pu·

104 2495 123 2548 6
137 2485 235 2545 blicac
250 2504 288 2546 ex
299 2497 392 2547 semet
402 2489 474 2567 ipsis
486 2486 570 2548 XXX
580 2497 714 2560 rectores
726 2490 905 2565 acciperent.
940 2485 972 2544 ln
983 2484 1035 2544 has
1048 2483 1133 2558 leges

136 2568 268 2629 traditam
283 2570 339 2631 sibi
353 2569 454 2631 urbem
471 2571 694 2631 lacedaemonii
715 2571 892 2632 formandam
908 2567 1057 2644 Lysandro
1077 2575 1133 2623 tra·

104 2651 280 2713 tdidernnt.
319 2653 443 2730 Insignis
464 2653 512 2713 hic
535 2672 626 2714 annus
655 2655 871 2732 expugnatione
896 2653 1073 2712 Athenarum
1105 2655 1134 2705 et

136 2744 229 2794 morte
243 2736 331 2795 Darei
345 2738 426 2813 regis
447 2736 600 2796 Persarum
621 2746 652 2797 et
683 2738 771 2797 exilio
793 2737 926 2810 Dionysii
951 2734 1069 2795 Siciliae
1090 2739 1133 2803 ty-

102 2819 217 2881 8ranni
242 2817 303 2878 fnit.
337 2818 446 2880 hfnmto
467 2829 541 2879 statu
565 2819 743 2880 Athenarum
765 2820 849 2880 etiam
874 2819 979 2878 civium
1001 2814 1132 2876 condIeio

104 2911 121 2964 9
134 2910 268 2961 mutatur.
302 2900 386 2961 XXX
401 2911 535 2963 rectores
552 2904 596 2962 rei
612 2902 746 2981 publicae
762 2904 987 2976 constituuntur,
1003 2900 1051 2976 qni
1066 2897 1134 2956 finnt

94 2995 129 3047 10
136 2986 263 3058 tyranni:
281 2987 389 3064 quippe
405 3003 421 3045 a
438 2986 579 3064 principio
596 2987 649 3047 tria
665 2986 742 3047 milia
757 2986 813 3050 sibi
828 2986 984 3046 satellitum
996 2985 1131 3051 statuunt,

94 3077 273 3144 llquantum
289 3076 384 3128 extet
403 3069 534 3129 cladibus
556 3085 649 3147 prope
671 3087 727 3130 nec
752 3070 855 3128 civium
876 3064 1082 3145 superfuerat,
1104 3067 1133 3118 et

137 3152 220 3226 quasi
235 3168 341 3228 parvus
362 3151 411 3211 hic
432 3151 689 3213 adcontinendam
710 3153 854 3212 civitatem
875 3150 1023 3211 exercitus
1042 3151 1132 3217 esset,

95 3235 337 3312 inseptugemos
352 3235 457 3296 milites
477 3253 494 3295 a
514 3236 674 3295 uictoribus
695 3236 849 3312 accipiunt.
893 3232 1009 3293 Caedes
1030 3226 1133 3290 deinde

116 3379 119 3387 ,
139 3316 242 3374 civium
257 3318 294 3377 ab
308 3317 462 3379 Alcibiade
476 3320 723 3397 auspicantur,.ne
733 3319 912 3378 numm-rem
923 3315 1069 3395 publicam
1082 3309 1132 3371 sub

96 3395 258 3462 uaobmutu
272 3399 453 3461 liberationis
465 3402 626 3463 invaderet.
669 3399 763 3474 Quem
780 3401 1019 3480 comprofectnm
1029 3396 1067 3457 ad
1079 3395 1133 3453 Ar·
