2442 3975
78 194 211 250 ΠΜ
421 202 514 251 msn.
531 202 625 250 enm.
642 205 733 264 arra.
815 197 817 204 ’
1014 190 1074 252 tat

405 469 613 544 LIBER
642 470 748 544 XXI

91 683 169 745 1.
193 651 391 744 Extincto
362 704 389 743 ιιι
413 686 513 770 Sipttta
534 682 675 759 Dionysio
695 663 817 760 tyranno
840 688 869 745 in
893 685 989 745 locum
1011 688 1073 748 eius
1088 703 1112 753 ι.
1162 663 1165 668 ’

75 769 182 829 milites
196 769 348 827 maximum
363 777 428 827 natu
452 786 490 828 ex
508 768 574 827 liliis
588 770 667 843 eius,
685 771 799 828 nomine
815 768 996 845 Dionysium,
1013 771 1072 829 suf·

76 854 193 926 fecere,
219 859 249 909 et
264 860 383 911 naturae
398 853 442 910 ius
459 852 572 926 secuti,
595 860 625 910 et
640 851 719 927 qnod
735 852 841 910 firmius
858 853 982 911 loturum
1004 862 1103 914 esset

76 952 208 1011 regnum,
226 934 250 992 si
270 951 361 1010 penes
378 951 463 993 unum
480 935 679 1008 remansisset,
694 936 818 1011 quamsi
836 935 1040 1011 portionibus
1031 954 1072 994 ιιι·

76 1028 121 1078 ter
127 1017 237 1114 plures
252 1016 328 1076 tilios
344 1016 541 1090 divideretur,
560 1017 742 1081 arbitrantur
783 1017 842 1076 Sed
857 1017 1036 1093 Dionysius'
1028 1038 1068 1078 ιιι·
1083 1030 1104 1084 3

34 1163 37 1169 ,
76 1095 122 1161 ter
127 1097 217 1159 initia
233 1102 315 1177 regni
330 1099 489 1166 avunculos
504 1100 622 1158 fratrum
637 1115 754 1159 suorum
772 1100 861 1160 veluti
877 1102 1032 1161 aemulos
1023 1120 1073 1161 rm·

76 1185 150 1261 perii
164 1201 207 1242 sur
200 1182 448 1260 hortatoresque
462 1198 618 1260 puerorum
633 1183 668 1242 ad
686 1183 863 1242 divisionem
857 1202 951 1260 regni
945 1184 1073 1243 tollere

75 1264 229 1343 gestiebat.
275 1264 373 1338 Quare
392 1265 543 1342 paulisper
563 1264 770 1325 dissimulatum
790 1267 911 1326 animum
933 1268 1013 1345 prius
1037 1267 1109 1330 adl

39 1344 43 1350 ’
73 1349 205 1409 favorem
223 1349 405 1427 popularium
420 1349 630 1408 conciliandum
646 1349 777 1424 intendit,
796 1351 963 1410 excusatius
981 1350 1072 1410 factu·

74 1450 124 1491 rus
145 1431 224 1509 qnod
246 1440 403 1507 statuerat,
423 1433 448 1491 si
463 1432 605 1510 probatus
625 1442 692 1492 ante
716 1432 848 1491 omnibus
865 1433 952 1493 foret.
982 1432 1104 1510 lgituro

74 1533 215 1575 nexorum
229 1516 283 1573 tria
297 1515 374 1574 rnilia
387 1532 508 1576 carcere
525 1514 654 1589 dimittit,
670 1515 772 1574 tributa
792 1514 901 1593 populo
916 1533 971 1593 per
985 1519 1072 1576 trien-

74 1600 150 1656 nium
180 1598 313 1672 remittit,
347 1597 575 1674 quibuscumque
610 1596 803 1656 delinimentis
835 1607 933 1675 potest
962 1598 1072 1657 animos

75 1681 198 1740 omnium
222 1678 369 1738 sollicitat.
408 1678 488 1738 l'unc
514 1679 550 1738 ad
571 1679 744 1739 destinatum
772 1680 884 1739 lacinus
911 1691 1103 1745 conversum

74 1780 132 1822 non
155 1757 298 1837 cognatos
317 1769 424 1820 tantum
441 1761 576 1835 fratrum,
595 1761 749 1822 sedetiam
769 1764 852 1860 ipsos
866 1765 1016 1840 interficit,
1033 1773 1073 1840 ut,
1084 1773 1102 1829 7

75 1844 179 1924 quibus
201 1843 377 1902 consortium
396 1861 479 1920 regni
472 1843 636 1920 debebat,
660 1862 698 1902 ne
718 1846 847 1922 spiritus
865 1847 981 1923 quidem
1004 1863 1073 1906 con·

75 1929 193 1989 sortium
211 1925 405 2006 relinqueret,
425 1926 629 2001 tyrannidem
621 1946 650 1986 ru
665 1945 734 1987 suos
751 1930 930 2006 priusquam
947 1929 976 1987 in
991 1937 1072 1989 exte·

74 2030 125 2073 ros
138 2012 315 2088 auspicatus.

135 2094 165 2152 2
189 2092 316 2153 Sublatis
337 2092 441 2152 deiude
460 2093 611 2153 aemulis
602 2113 631 2152 ιιι
652 2096 804 2171 segnitiam
825 2094 925 2172 lapsus
942 2096 1098 2171 saginam!

74 2179 209 2254 eorporis
222 2194 260 2235 ex
273 2176 357 2235 nimia
370 2176 481 2236 luxuria
490 2176 699 2255 oculorumque
711 2176 905 2237 valetudinem
918 2179 1072 2252 contraxit,

74 2260 149 2321 adeo
166 2270 267 2320 utnon
283 2259 391 2335 solem,
409 2276 466 2318 non
483 2260 650 2337 pulverem,
672 2277 729 2319 non
747 2261 871 2338 denique
886 2260 1074 2338 splendorem

74 2343 153 2402 ierrc
170 2343 245 2402 lucis
262 2344 353 2420 ipsius
368 2350 481 2420 posset.
505 2342 629 2419 Propter
643 2361 718 2420 quae
733 2343 798 2401 dum
815 2345 959 2402 contemni
975 2353 1105 2423 sepo-2

74 2435 129 2503 tat,
151 2427 272 2486 saevitia
294 2435 444 2502 grassatur
458 2443 531 2501 nec,
559 2428 599 2485 nti
616 2435 715 2503 pater,
734 2443 883 2486 carcerem
901 2428 1002 2503 nexis,
1017 2427 1072 2486 sed

75 2509 213 2573 caedibus
231 2509 375 2569 civitatem
390 2507 504 2586 replet:
533 2508 570 2566 ob
593 2527 668 2586 quae
688 2526 745 2569 oon
767 2511 961 2587 contemptior
983 2510 1103 2574 omni-s

73 2592 128 2651 bus
149 2610 233 2669 quam
257 2593 376 2651 invisior
396 2590 459 2651 luit.
495 2590 598 2669 ltaque
628 2610 691 2651 cum
712 2591 820 2650 bellum
846 2592 986 2652 adversus
1008 2603 1103 2654 euml

74 2675 250 2749 Syracusani
265 2675 483 2747 decrevissent,
507 2674 554 2734 diu
570 2675 726 2750 dubitarit,
742 2676 893 2753 imperium
910 2672 1073 2753 deponeret

74 2774 110 2816 an
125 2755 205 2822 bello
221 2758 383 2815 resisteret.
420 2756 479 2815 Sed
495 2774 510 2816 a
528 2757 664 2817 militibus
679 2758 817 2835 praedam
834 2766 863 2817 et
877 2758 956 2816 urbis
976 2758 1103 2834 irrep-s

73 2841 182 2899 tionem
201 2837 390 2916 sperantibus
406 2837 589 2900 descendere
609 2843 638 2899 in
654 2841 798 2919 proelium
815 2841 938 2916 cogitur.
970 2838 1102 2902 Victusb

74 2940 139 2982 cum
155 2922 259 2981 iterato
274 2938 331 2979 non
346 2920 461 2980 ielicius
475 2922 619 2982 fortunam
634 2933 820 3001 temptasset,
839 2923 954 2997 legatos
969 2920 1005 2979 ad
1018 2922 1072 2993 Sy·

73 3022 233 3065 racusanus
253 3005 338 3064 mittit
381 3004 530 3081 spondens
552 3025 585 3065 se
608 3008 807 3085 depositurum
827 3003 1021 3078 tyrannidem,
1047 3004 1071 3060 si

72 3091 218 3148 mitterent
238 3089 277 3148 ad
299 3104 379 3161 eum,
402 3087 570 3186 quibuscum
591 3089 647 3148 sibi
665 3090 701 3147 de
719 3105 793 3166 pace
815 3086 994 3145 conveniret.
1039 3083 1101 3147 lnt

73 3189 157 3267 quam
177 3186 238 3229 rem
260 3173 365 3230 missos
387 3172 529 3268 primores
545 3172 573 3229 in
593 3188 714 3231 carcere
734 3172 854 3243 retinet,
871 3176 958 3246 atque
974 3169 1012 3226 ita
1029 3168 1070 3225 in·

73 3255 165 3313 cautis
180 3252 310 3321 omnibus
333 3265 389 3311 trec
405 3255 557 3331 quicquam
572 3252 679 3312 hostile
701 3252 894 3312 metuentibus
910 3251 1071 3310 exercitum

73 3335 110 3395 ad
125 3334 277 3394 delendam
298 3336 441 3393 civitatem
456 3338 549 3395 mittit.
572 3335 619 3394 Fit
638 3337 724 3411 igitur
743 3338 770 3393 in
785 3337 848 3413 ipsa
867 3340 937 3413 urbe
956 3343 1103 3410 aucepsss

73 3417 237 3498 proelium,
256 3417 284 3475 in
306 3434 363 3494 quo
379 3416 531 3495 oppidanis
547 3417 726 3477 multitudine
743 3417 945 3496 superantibus
960 3416 1070 3490 Diony-
