2442 3975
145 193 186 255 98
517 206 770 262 unocrromasr
1011 198 1141 254 xivaa

105 358 233 422 llmenti
253 365 457 436 anteponerem
487 368 546 418 tum
571 358 675 417 deinde
702 358 806 418 callide
830 357 974 417 subnectit
999 360 1142 420 confictas

145 441 198 498 lras
226 457 242 499 a
269 457 302 499 se
330 441 471 526 epistulas
499 441 534 500 ad
563 441 767 522 experiundos
787 457 903 499 suorum
927 443 1037 500 animos
1062 461 1140 504 esse.

103 520 285 586 luctatorum
300 523 421 582 salutem
436 541 515 583 suam
535 525 564 582 in
578 525 701 582 omnium
721 532 867 601 potestate
882 540 967 599 esse,
988 542 1044 583 nec
1057 525 1139 584 Anti-

144 622 250 681 gonum
271 622 326 665 nec
345 623 516 683 quemquam
536 605 679 665 ducum
655 624 698 666 sac
721 606 798 665 velle
818 607 954 682 vincere,
977 617 1008 666 ut
1025 609 1088 684 ipse
1108 610 1139 666 in

103 700 179 753 rose
195 687 360 766 exemplum
376 690 531 781 pessimum
552 698 667 749 statuat.
704 688 768 749 lloc
792 689 869 748 facto
892 699 923 748 et
944 691 1138 767 inpraesenti

145 769 297 831 labantium
320 765 430 830 animos
457 772 597 831 deterruit
623 781 653 831 et
672 773 700 830 in
721 772 845 831 futurum
868 772 1008 850 providit,
1034 781 1081 846 ut,
1111 774 1137 830 si

146 853 213 931 quid
235 853 328 913 simile
349 854 524 930 accidisset,
550 871 607 913 noa
633 873 665 914 se
688 855 724 914 ab
741 855 826 913 hoste
848 855 1009 932 corrumpi,
1032 816 1085 913 sed
1100 854 1137 913 ab

102 948 136 1000 la
147 938 220 995 duce
247 938 380 1014 temptari
399 931 620 1005 arbitrarentur
665 915 770 997 Omnes
795 938 881 1013 igitur
909 954 1029 1014 operam
1057 954 1137 996 suam

145 1019 273 1078 certatim
289 1018 324 1079 ad
344 1019 503 1080 custodiam
518 1021 619 1080 salutis
635 1020 697 1079 eius
711 1020 849 1079 offerunt:

116 1114 132 1165 1
208 1102 237 1160 2.
262 1119 325 1161 cum
343 1103 455 1162 interim
470 1103 634 1178 Antigonus
654 1120 717 1162 cum
734 1104 864 1162 exercitu
888 1104 1057 1180 supervenit
1073 1120 1150 1168 casr

115 1184 254 1261 utrisque
270 1185 373 1262 positis
393 1194 512 1262 postera
533 1185 579 1244 die
606 1186 635 1243 in
655 1186 747 1244 aciem
770 1184 910 1263 procedit.
953 1184 1015 1243 Nec
1030 1183 1135 1243 Eume·

142 1284 196 1325 nes
216 1283 324 1325 moram
343 1268 457 1344 proelio
479 1268 566 1341 fecit,
594 1270 642 1345 qui
664 1269 757 1332 victus
784 1270 812 1327 in
834 1270 968 1327 munitum
992 1267 1136 1344 quoddam

114 1347 296 1412 boastellum
319 1349 462 1425 confugit:
485 1350 532 1408 uhi
554 1368 616 1408 cum
632 1351 744 1409 videret
759 1368 791 1410 se
813 1351 954 1409 fortunam
975 1349 1136 1409 obsidionis

144 1430 318 1505 subiturum,
346 1433 484 1491 maionem
507 1434 654 1492 exercitus
671 1441 781 1522 partem
801 1433 919 1507 dimisit,
944 1450 980 1491 ne
1002 1441 1050 1491 aut
1066 1449 1134 1491 con·

144 1531 231 1573 sensu
251 1514 438 1574 multitudinis
459 1514 535 1590 hosti
555 1515 719 1574 traderetur
734 1509 782 1575 aut
803 1515 939 1575 obsidio
930 1533 993 1592 ipsa
1009 1514 1133 1573 multitu·

117 1596 214 1658 Adine
235 1606 413 1672 gravaretur
447 1585 573 1673 Legatos
597 1596 701 1658 deinde
717 1598 752 1658 ad
768 1597 962 1675 Antipatrum,
984 1599 1031 1676 qui
1053 1597 1135 1655 solus

144 1696 196 1756 par
211 1678 348 1754 Antigoni
362 1679 471 1740 viribus
486 1680 655 1754 videbatur,
683 1680 831 1758 supplices
846 1680 942 1739 mittit:
964 1698 981 1739 a
996 1696 1053 1757 quo
1071 1696 1134 1738 cum

143 1762 249 1820 auxilia
276 1760 395 1822 Eumeni
424 1764 510 1823 missa
535 1762 698 1839 Antigonus
724 1763 889 1838 didicisset,
919 1763 955 1821 ab
983 1761 1134 1821 obsidione

117 1845 277 1907 erecessit.
314 1844 384 1905 Erat
405 1845 519 1923 quidem
538 1846 649 1905 solutus
671 1846 707 1905 ad
723 1855 836 1943 tempus
863 1855 940 1904 metu
962 1846 1062 1904 mortis
1076 1843 1133 1903 Eu·

142 1945 258 2007 menes,
285 1928 338 1987 sed
361 1947 416 1989 nec
436 1930 537 1989 salutis
555 1929 673 1989 dimisso
696 1930 827 1989 exercitu
848 1945 950 2005 magna
967 1945 1036 2011 spes
1060 1934 1132 1986 erat

115 2020 132 2075 6
145 2010 267 2070 Omma
258 2011 344 2088 igitur
359 2013 600 2091 circumspicienti
616 2014 751 2091 optimum
763 2015 854 2072 visum
869 2021 913 2071 est
927 2011 962 2071 ad
974 2002 1134 2070 Alexandri

144 2112 239 2171 magni
232 2094 484 2173 Argyraspidas,
510 2096 645 2155 invictum
663 2097 821 2156 exercitum
844 2104 872 2155 et
891 2104 933 2155 tot
947 2094 1132 2154 victoriarum

113 2185 129 2239 7
142 2177 373 2255 praefulgentem
402 2178 512 2254 gloria,
539 2180 706 2238 decurrere
750 2179 810 2238 Sed
830 2177 1045 2256 Argyraspides
1066 2184 1134 2253 post

142 2258 338 2319 Alexandrum
362 2277 463 2320 omnes
493 2262 582 2321 duces
608 2261 810 2337 fastidiebant,
834 2261 980 2320 sordidam
1006 2260 1133 2319 militiam
1178 2257 1186 2266 '

114 2342 196 2405 8sub
226 2342 289 2401 aliis
310 2353 377 2420 post
402 2343 473 2403 tanti
494 2346 573 2420 regis
594 2345 761 2405 memoriam
789 2344 994 2403 existimantes.
1032 2341 1133 2418 ltaque

142 2422 288 2484 Eumenes
309 2425 509 2486 blandimentis
528 2446 635 2506 agere,
658 2427 830 2505 suppliciter
849 2416 994 2500 singulos
992 2422 1131 2519 adloqui,

142 2524 217 2566 nunc
236 2508 446 2569 commilitones
467 2527 552 2585 suos,
577 2529 651 2570 nunc
673 2518 810 2587 patronos
826 2505 995 2585 appellans,
1017 2506 1131 2583 pericu-

142 2588 235 2649 lorum
263 2584 442 2651 orie‘ntalium
470 2594 584 2670 socios,
620 2610 696 2652 nunc
725 2591 838 2666 refugia
874 2589 975 2649 salutis
1005 2607 1075 2649 suae
1103 2598 1133 2646 et

114 2674 226 2738 eunica
240 2674 400 2750 praesidia:
428 2692 654 2736 commemorans
676 2674 757 2734 solos
780 2691 864 2746 esse,
890 2689 1010 2749 quorum
1026 2672 1132 2731 virtute

142 2756 239 2815 oriens
268 2757 305 2815 sit
322 2757 462 2834 domitus,
489 2758 586 2834 solos,
613 2761 660 2856 qui
686 2757 813 2817 militiam
836 2755 932 2814 Liberi
952 2757 1059 2833 patris,
1084 2754 1132 2831 qui

100 2847 135 2901 10
145 2836 277 2897 Herculis
298 2849 478 2901 monumenta
496 2843 672 2919 superarint:
693 2858 748 2918 per
766 2840 820 2900 bos
840 2838 1036 2898 Alexandrum
1053 2854 1131 2912 mag·

141 2938 207 2980 num
229 2922 351 2992 factum
372 2941 445 3001 per
442 2923 506 2983 hos
528 2924 640 2983 divinos
660 2923 788 2983 honores
810 2931 840 2982 et
863 2921 1042 2981 inmortalem
1068 2920 1131 2996 glo·

99 3015 133 3069 11
145 3004 222 3063 riam
239 3015 440 3066 consecutum:
471 3015 549 3082 orat,
578 3015 608 3065 ut
630 3023 688 3065 non
710 3015 766 3066 tam
782 3006 885 3065 ducem
899 3022 932 3063 se
951 3021 1035 3080 quam
1053 3019 1131 3060 com·

141 3087 298 3147 militonem
324 3089 466 3166 recipiant
486 3106 629 3166 unumque
650 3107 688 3148 ex
714 3106 839 3186 corpore
863 3103 916 3147 suo
943 3104 1010 3145 esse
1030 3084 1131 3144 velint.

99 3167 291 3248 lfReceptus
316 3170 372 3230 hac
394 3172 462 3248 lege
490 3170 659 3248 paulatim
650 3173 816 3249 imperium,
844 3172 963 3248 primun
988 3167 1132 3227 monendo

142 3253 289 3328 singulos,
316 3269 384 3312 mox
405 3271 479 3331 quae
505 3270 660 3352 perperam
686 3253 763 3312 facta
794 3262 875 3313 erant
896 3251 1010 3313 ,blande
1042 3251 1132 3311 corri-

141 3334 239 3417 gendo
263 3345 397 3412 usurpat:
427 3335 526 3396 nihil'
517 3354 545 3396 ιιι
561 3337 664 3395 castris
684 3335 745 3395 sine
761 3335 812 3395 illo
830 3336 894 3411 agi,
914 3335 984 3395 nihil
1000 3334 1133 3395 adminis-

141 3416 211 3474 trari
226 3417 288 3474 sine
306 3416 437 3477 sollertia
452 3418 528 3478 illius
543 3427 669 3497 poterat.
