2442 3975
4 234 9 243 '
80 242 180 297 xum
192 246 249 297 as
420 254 513 303 msa.
531 255 625 302 rura.
641 255 733 303 narr.
1012 241 1072 303 213

83 402 244 480 claudere,
266 406 381 482 vigilias
398 424 505 483 agere,
526 407 667 467 stationes
681 407 710 465 in
724 408 812 467 muris
829 407 1006 484 observare,
1021 426 1072 485 pe·

82 490 221 566 regriucs
242 506 479 565 recognoscere,
499 508 583 550 curas
598 489 723 566 babere,
741 509 775 567 ac
789 491 879 551 veluti
897 490 1006 550 bellurn
1023 490 1072 550 ba·

76 572 183 648 beant,
201 570 354 631 sic‘urbem
366 574 447 651 pacis
462 572 642 651 temporibus
654 573 811 633 custodire.
828 574 912 633 Adeo
923 574 984 633 illic
996 573 1070 633 bene
1082 583 1116 638 lt

84 657 214 714 instituta
235 672 294 713 uon
309 664 470 733 temporum
485 659 679 731 necessitate,
695 656 748 716 sed
765 666 848 716 recte
862 657 988 716 faciendi
1005 674 1072 716 con·

84 738 238 798 suetudine
255 747 416 798 servantur.

152 824 181 880 5.
203 820 273 880 Post
296 821 370 881 baec
396 838 499 899 magua
521 820 578 881 illis
599 838 663 880 cum
686 821 854 899 Liguribus,
882 839 984 898 magna
1010 835 1100 886 cuml

86 903 177 964 Gallis
190 902 273 963 iuere
286 903 383 963 bella:
402 922 476 981 quae
489 922 539 964 res
557 913 586 964 et
601 905 680 962 urbis
704 905 827 981 gloriam
843 907 921 964 auxit
941 914 970 963 et
986 905 1072 963 virtu·

84 995 143 1046 tem
155 984 333 1046 Graecorum
349 987 538 1065 multiplicata
552 988 675 1046 victoria
692 987 840 1047 celebrem
856 990 930 1047 inter
940 987 1073 1047 finitimos

83 1069 220 1129 reddidit.
258 1068 536 1145 Carthaginiensium
556 1086 674 1148 quoque
693 1072 857 1146 exercitus,
882 1089 945 1130 cum
964 1069 1101 1132 bellumt

87 1153 181 1230 captis
204 1153 380 1230 piscatorum
401 1151 521 1213 navibus
538 1160 631 1211 ortum
647 1162 743 1227 esset,
768 1171 860 1230 saepe
875 1153 1008 1214 fuderunt
1023 1171 1072 1232 pa·
1097 1180 1103 1191 ·

86 1252 209 1312 ceurque
229 1236 312 1295 victis
336 1234 492 1303 dederuut;
515 1253 578 1294 cum
595 1235 732 1313 Hispanis
747 1237 898 1296 amicitiam
912 1239 1102 1313 iunxerunt,3

86 1335 151 1377 cum
165 1317 302 1377 Romanis
324 1336 418 1396 prope
439 1317 475 1378 ab
499 1319 579 1377 initio
599 1319 733 1378 conditae
749 1319 828 1378 urbis
845 1320 950 1379 ioedus
966 1337 1074 1378 summa

86 1401 145 1461 lide
163 1401 359 1460 custodierunt
382 1402 553 1478 auxiliisque
574 1402 603 1460 in
623 1401 755 1461 omnibus
770 1401 856 1461 bellis
871 1403 1010 1461 industrie
1026 1420 1072 1461 so·

86 1486 151 1543 cios
167 1485 309 1542 iuverunt.
341 1482 423 1556 Quae
439 1502 488 1543 res
505 1483 563 1542 illis
576 1493 605 1542 et
620 1485 719 1545 uirium
735 1484 866 1543 fiduciam
884 1487 962 1544 auxit
979 1493 1009 1543 et
1024 1502 1072 1562 pa·

86 1584 152 1626 cem
181 1566 217 1626 ab
243 1565 375 1627 hostibus
399 1568 552 1646 praestitit.
595 1564 666 1626 Cum
693 1568 780 1643 igitur
800 1565 927 1626 Massilia
949 1568 978 1626 dt
999 1567 1103 1629 lamas

81 1658 183 1708 'rerum
198 1658 343 1725 gestarum
358 1659 389 1709 et
403 1649 577 1709 abundantia
591 1666 678 1727 opum
691 1660 720 1707 et
732 1650 833 1708 virium
850 1650 945 1726 gloria
962 1651 1074 1708 virente

82 1732 218 1808 floreret,
233 1740 356 1810 repente
371 1733 480 1791 linitimi
500 1733 599 1810 populi
615 1732 769 1792 adnomen
785 1731 1008 1791 Massiliensium
1023 1732 1072 1791 de·

86 1814 203 1876 lendum
224 1815 314 1875 veluti
338 1815 374 1874 ad
395 1833 544 1874 commuue
570 1815 793 1891 extinguendum
819 1816 980 1886 incendium
1005 1832 1072 1874 con·

86 1907 213 1957 currunt.
229 1897 295 1957 Dux
310 1915 455 1958 consensu
469 1899 592 1956 omnium
604 1895 794 1958 Catumandus
810 1898 929 1973 regulus
941 1898 1102 1974 eligimus

88 1983 135 2059 qui
149 1999 212 2044 cum
222 1999 327 2058 magno
339 1983 470 2041 exercitu
482 1981 702 2063 lectissimorum
710 1981 834 2040 virorum
842 1980 943 2040 urbem
951 1980 1075 2040 bostium

87 2065 255 2140 obsideret,
274 2079 338 2143 per
365 2067 491 2144 quietem
520 2065 621 2142 specie
643 2073 745 2124 torvae
767 2064 911 2141 mulieris,
939 2081 1013 2142 quae
1040 2080 1073 2121 se

88 2148 173 2207 dearu
195 2147 325 2222 dicebat,
351 2149 507 2207 exterritus
530 2148 606 2206 ultro
627 2155 816 2225 pacemcum
843 2145 1073 2205 Massiliensibus

83 2231 175 2303 iecit,
193 2232 341 2308 petitoque
357 2241 387 2290 ut
400 2232 507 2289 intrare
527 2230 570 2289 illi
587 2229 687 2289 urbem
704 2240 733 2290 et
748 2230 821 2289 deos
838 2246 939 2288 eorum
953 2228 1104 2291 adoraret

87 2314 208 2388 liceret,
225 2331 289 2372 cum
304 2315 331 2372 in
346 2331 444 2372 arcem
460 2312 607 2372 Minervae
624 2315 765 2387 venisset,
782 2321 943 2391 conspecto
962 2313 991 2371 in
1008 2328 1074 2389 por·

87 2396 193 2455 ticibus
210 2396 363 2455 simulacro
386 2397 475 2471 deae,
499 2414 582 2473 quam
597 2411 650 2473 per
666 2398 791 2474 quietem
808 2396 936 2471 viderat,
952 2402 1076 2472 repente

88 2479 232 2539 exclamat
247 2480 324 2539 illam
340 2497 418 2555 esse,
439 2496 562 2556 quaese
578 2488 665 2538 nocte
682 2480 884 2551 exterruisset,
897 2478 985 2556 illam,
1002 2495 1076 2555 quae

85 2563 232 2621 recedere
254 2562 290 2621 ab
307 2561 458 2621 obsidione
475 2562 617 2621 iussisset.
652 2562 874 2639 Gratulatusque
889 2560 1104 2625 Massiliensi-7
1174 2563 1179 2568 ’

88 2644 154 2721 bus,
170 2646 248 2723 quod
264 2644 505 2705 animadverteret
521 2661 574 2703 eos
588 2646 624 2705 ad
636 2661 733 2705 curam
744 2644 864 2703 deorum
885 2643 1076 2703 inmortalium

89 2730 252 2806 pertinere,
270 2738 376 2806 torque
395 2746 485 2788 aureo
501 2728 605 2788 donata
620 2728 675 2788 dea
690 2729 719 2787 iu
734 2739 906 2805 perpetuum
925 2726 1077 2785 amicitiam

88 2828 153 2870 cum
169 2810 399 2871 Massiliensibus
415 2811 514 2870 iunxit.
552 2811 637 2870 Parta
653 2829 727 2889 pace
745 2819 774 2869 et
789 2811 945 2870 securitate
960 2807 1106 2871 fundatae

89 2904 272 2954 revertentes
288 2913 304 2953 a
319 2891 442 2971 Delphis
453 2892 673 2953 Massiliensium
685 2894 786 2970 legati,
802 2910 859 2969 quo
871 2892 950 2964 missi
962 2907 1078 2949 munera

88 2976 220 3054 Apollini
241 2976 383 3051 tulerunt,
403 2977 571 3036 audiverant
586 2977 687 3036 urbem
705 2975 860 3035 Romanam
877 2973 893 3031 a
907 2971 996 3032 Gallis
1010 2989 1077 3049 cap·

85 3068 148 3118 ‘tam
162 3059 378 3137 incensamque.
406 3058 497 3131 Quam
509 3078 569 3118 rem
585 3059 663 3119 domi
674 3061 829 3118 nuntiatam
842 3054 959 3135 publico
976 3055 1105 3118 funereo

87 3142 290 3203 Massilienses
307 3144 456 3222 prosecuti
472 3152 537 3202 sunt
552 3159 710 3218 aurumque
725 3151 755 3200 et
770 3148 919 3217 argeutum
935 3136 1080 3214 publicum

88 3227 290 3304 privatumque
307 3226 489 3285 contuleruut
504 3226 539 3285 ad
555 3225 729 3303 explendum
744 3224 856 3302 pondus
869 3220 970 3294 Gallis,
987 3238 1002 3278 a
1019 3220 1079 3296 qui·

88 3310 145 3369 bus
169 3310 347 3387 redemptam
369 3326 471 3388 pacem
493 3316 701 3385 cognoverant.
738 3305 782 3365 Ob
807 3302 885 3384 quod
904 3303 1036 3362 meritum
1050 3311 1078 3360 et
1091 3313 1124 3363 10

79 3394 250 3468 ‚immunitas
275 3392 333 3452 illis
362 3392 481 3451 decreta
506 3401 535 3450 et
561 3390 646 3451 locus
672 3389 906 3469 spectaculorum
932 3388 959 3446 iu
981 3392 1080 3444 senatu

88 3475 173 3536 datus
189 3485 219 3535 et
236 3461 341 3535 foedus
357 3491 451 3552 aequo
465 3476 528 3534 iure
543 3481 722 3552 percussum.
