2442 3975
102 179 198 233 xiie.
213 181 245 235 15
451 189 543 239 mou.
558 191 652 239 reru.
668 192 760 239 nrur.
1061 175 1103 235 77

103 359 139 400 se
165 358 281 418 quoque
309 341 346 400 ab
374 342 498 405 hostium
529 344 702 407 crudelitate
736 345 906 406 vindicaret.
947 342 1022 402 Data
1052 351 1147 421 pro-12

106 433 212 483 testate
229 424 369 484 redeundi
381 442 469 502 agros
484 428 622 505 accipere
637 428 814 504 maluerunt,
832 445 868 485 ne
886 435 1015 486 nontam
1032 443 1104 502 gan-

106 509 182 567 dium
205 507 373 585 parentibus
396 526 480 586 quam
504 510 704 571 detestandum
722 513 766 571 sui
791 519 981 587 conspectum
1001 507 1104 586 re'por·'

106 599 208 650 tarent.

171 674 220 733 15.
251 671 366 731 Interea
387 673 500 734 liaraus
522 676 549 734 in
567 678 689 752 gratiam
709 677 829 736 victoris
851 693 868 735 a
892 675 1023 752 cognatis
1041 675 1130 736 suisl

106 757 202 816 aureis
219 754 399 831 conpedibus
414 759 584 836 catenisque
599 761 628 817 in
641 761 708 818 vico
724 760 892 819 Parthorum
907 758 1001 817 Tbara
1014 757 1103 814 vinci·

106 848 168 913 tur,
194 839 284 897 oredo
313 839 351 897 ita
376 840 420 899 dis
442 842 641 903 inmortalibus
664 842 890 916 vindicantibus,
920 849 950 899 nt
972 842 1001 898 in
1026 847 1133 899 terrai

106 939 223 998 earum,
240 922 289 997 qui
302 926 472 982 successuri
487 926 608 1001 imperio
627 934 724 1001 erant,
740 924 892 984 Persarum
906 940 1028 1000 regnum
1043 922 1104 980 lini-

106 1013 196 1063 retur.
216 1003 385 1087 Alexander
395 1023 512 1085 quoque
525 1009 613 1068 citato
629 1026 715 1067 cursu
728 1018 848 1085 postera
859 1008 905 1067 die
919 1007 1101 1085 supervenit;
1115 1015 1133 1066 3

106 1087 147 1149 ibi
160 1088 297 1162 cognovit
311 1086 438 1147 Dareum
453 1089 553 1149 clauso
568 1090 704 1150 vehiculo
717 1109 771 1167 per
785 1099 900 1150 noctem
912 1098 1104 1167 exportatum.

106 1170 190 1229 losso
202 1172 287 1246 igitur
300 1172 431 1230 exercitu
443 1172 579 1251 subsequi
592 1192 656 1233 oum
668 1191 722 1232 sex
733 1173 848 1234 milibus
862 1174 987 1252 equitum
997 1172 1138 1247 fngier-4

34 1259 38 1265 ’
109 1265 166 1314 tem
188 1254 363 1331 insequitur,
384 1255 412 1312 in
437 1256 541 1315 itinere
565 1257 653 1317 multa
676 1266 705 1316 et
719 1257 885 1336 periculosa
899 1256 1012 1334 proelia
1025 1256 1103 1315 lacit.

107 1337 249 1397 Emensus
264 1335 368 1395 deinde
383 1338 465 1415 plura
480 1340 556 1398 milia
575 1358 711 1416 passuum
727 1359 790 1399 cum
808 1340 915 1399 nullum
929 1339 1018 1399 Darei
1034 1338 1104 1397 indi·
1119 1349 1135 1399 5

109 1422 183 1479 cium
203 1422 412 1498 repperisset,
428 1423 590 1500 respirandi
613 1426 696 1502 equis
719 1423 784 1483 data
807 1431 951 1502 potestate
973 1440 1045 1480 unus
1068 1439 1107 1478 ex

106 1503 262 1578 militibus,
280 1503 344 1563 dum
359 1504 395 1562 ad
415 1506 523 1564 fontem
537 1509 698 1582 proximum
713 1507 827 1584 pergit,
852 1507 880 1564 in
896 1503 1032 1564 vehiculo
1045 1502 1104 1561 Da-

108 1604 189 1646 reum
202 1587 297 1659 multis
313 1587 428 1665 quidem
439 1587 608 1647 vulneribus
624 1589 805 1662 confossum,
819 1586 871 1646 sed
883 1590 1039 1665 spirantem
1056 1585 1104 1645 ad·

109 1670 166 1729 buc
188 1670 322 1729 invenitz-
346 1670 395 1746 qui
419 1669 557 1747 applicito
581 1673 696 1749 captivo
718 1673 892 1730 cum-civem
907 1688 945 1728 en
964 1686 1039 1728 voce
1057 1679 1140 1732 oo-(i

109 1753 279 1830 gnorisset,
301 1752 329 1811 id
346 1750 440 1811 saltim
457 1753 622 1828 praesentis
636 1754 769 1814 fortunae
792 1753 902 1813 habore
917 1770 951 1811 se
967 1752 1107 1811 solacium

110 1836 196 1910 dixit,
214 1834 292 1912 quod
308 1834 383 1911 apud
398 1834 611 1894 intellecturum
627 1836 775 1895 locuturus
789 1845 869 1895 esset
891 1853 947 1894 nec
963 1837 1107 1893 incassum

110 1928 274 1999 postremas
288 1934 380 1976 voces
398 1918 564 1977 emissurus.
595 1919 723 1978 Perlerri
738 1918 813 1977 haec
827 1917 995 1976 Alexandro
1010 1914 1103 1975 iubet:
1118 1926 1135 1980 7
1195 1926 1198 1930 ’

110 2022 143 2062 se
159 2002 245 2062 nullis
260 2003 289 2060 in
305 2019 368 2060 eum
384 2004 549 2063 meritorum
565 2002 671 2061 ofliciis
685 2003 872 2062 maximorum
888 2000 930 2060 illi
945 2000 1109 2059 debitorem
1191 2071 1196 2081 ι

89 2149 91 2152 .
109 2088 198 2161 mori,
217 2086 295 2162 quod
311 2086 339 2143 in
359 2094 449 2144 matre
468 2084 627 2164 liberisque
643 2087 702 2145 suis
718 2086 829 2161 reglum
844 2085 921 2158 eius,
944 2101 1001 2142 uon
1017 2083 1108 2141 hosti·

109 2170 167 2230 lem
181 2169 302 2228 animum
318 2177 457 2246 expertus
473 2168 588 2228 felicius
602 2168 715 2228 hostem
733 2186 818 2246 quam
834 2176 976 2244 cognatos
991 2166 1108 2245 propin·

110 2269 243 2330 quosque
261 2252 381 2312 sortitus
403 2252 453 2320 sit;
486 2253 594 2331 quippe
611 2252 694 2312 matri
718 2260 746 2310 et
759 2251 858 2310 liberis
873 2252 933 2310 suis
952 2250 987 2308 ab
1004 2249 1138 2311 eodem8

110 2336 194 2396 boste
209 2337 295 2395 vitem
309 2335 419 2410 datam,
436 2335 492 2394 sibi
507 2352 523 2394 a
539 2338 673 2412 cognatis
689 2344 837 2412 ereptam,
861 2334 964 2412 quibus
979 2341 1008 2391 et
1023 2333 1109 2391 vitam

110 2429 140 2480 et
159 2438 250 2496 regna
272 2419 394 2482 dederit.
439 2418 634 2491 Quamobrem
653 2419 774 2495 gratiam
800 2417 858 2478 illis
885 2434 948 2476 eam
971 2416 1139 2489 futurumst

70 2545 73 2549 ›
109 2521 194 2581 quam
209 2505 274 2580 ipse
290 2504 385 2562 victor
406 2503 497 2561 volet.
527 2502 696 2563 Alexandro
713 2501 827 2560 referre
845 2519 894 2575 se,
919 2518 1003 2577 quam
1018 2498 1109 2559 solam
1120 2508 1153 2560 10

108 2587 236 2646 moriens
261 2593 375 2660 potest,
400 2586 537 2661 gratiam:
560 2585 676 2662 precari
697 2601 833 2662 superum
857 2584 1037 2661 inferumque
1058 2600 1109 2641 nu-

109 2670 184 2727 mina
203 2674 232 2724 et
247 2668 365 2741 regales
384 2668 476 2745 deos,
500 2677 530 2728 ut
549 2669 591 2727 illi
607 2677 747 2727 terrarum
769 2668 892 2726 omnium
912 2667 1017 2726 victori
1041 2681 1109 2722 con-

109 2752 200 2825 tingat
218 2749 376 2825 imperium.
405 2750 509 2809 Prone
530 2752 632 2811 iustam
652 2752 744 2827 magis
767 2767 851 2829 quam
871 2766 990 2826 gravem
1012 2745 1150 2823 sepul-ll

109 2845 192 2892 turae
213 2832 327 2889 veniam
346 2848 441 2892 orare.
478 2832 563 2906 Quod
584 2836 620 2895 ad
643 2833 780 2892 ultionem
799 2833 957 2911 pertineat,
981 2831 1035 2887 iam
1054 2839 1154 2892 nonln

110 2934 207 2991 suam,
231 2913 284 2973 sed
304 2915 431 2994 exempli
449 2933 686 2994 communemque
701 2916 824 2974 omnium
841 2930 942 2989 regum
958 2928 1026 2969 esse
1044 2927 1110 2968 cau·

109 3017 186 3077 sam,
203 3015 286 3075 quam
301 2998 466 3075 neglegere
480 2999 522 3058 illi
538 3009 567 3059 et
582 3000 751 3076 indecorum
768 3007 798 3056 et
812 2993 1010 3073 periculosum
1026 3010 1110 3052 esse:

110 3084 219 3160 quippe
241 3100 305 3140 oum
326 3084 354 3141 in
373 3083 469 3142 altero
491 3083 615 3142 iustitiae
630 3085 708 3156 eius,
732 3082 759 3138 in
774 3078 968 3150 alterogetian
984 3075 1112 3136 utilitatis

111 3182 197 3224 causa
213 3174 356 3225 versetur.
368 3166 400 3226 ln
415 3183 499 3245 quam
508 3184 568 3225 rem
582 3167 694 3225 unicum
713 3166 816 3240 pignus
829 3161 897 3221 lldei
908 3161 1025 3236 regiae,
1042 3159 1112 3219 dex·
1120 3172 1156 3227 13

109 3256 180 3305 tram
197 3266 229 3307 se
247 3248 395 3307 ferendam
407 3249 575 3309 Alexandro
590 3248 671 3307 dare.
687 3248 757 3307 Post
769 3246 842 3304 haec
855 3244 987 3323 porrexit
1001 3260 1113 3302 manum

112 3329 334 3405 expirauitque.
360 3331 453 3403 ¹Quae
472 3331 522 3391 ubi
538 3331 706 3390 Alexandro
724 3329 850 3389 nuntiata
868 3336 948 3403 sunt,
968 3327 1156 3394 timeor-14

109 3423 191 3491 pore·
202 3412 330 3472 defuncti
342 3423 399 3473 tam
409 3415 554 3492 indiguam
570 3415 624 3474 illo
638 3413 755 3489 fastigio
769 3421 892 3472 mortem
908 3410 1033 3471 lacrimis
1044 3427 1111 3489 pro·
