2442 3975
148 223 189 283 44
509 237 547 285 ru
568 236 702 287 meeum
724 229 796 287 vrn.

1213 317 1215 388 t

149 396 225 470 rapit
245 395 310 452 hino
326 402 353 452 et
368 395 540 454 Thessaliam
560 404 621 454 eett.
642 399 782 454 scribatur
837 385 1001 469 eupiditate]
1019 394 1092 450 itm.
1113 391 1161 449 alt.
1213 401 1215 448 ἐ

148 481 275 549 ΜΒΑ
328 482 460 537 roborA
535 480 596 554 §e
622 482 805 538 exertitusA
877 478 949 552 §10
975 479 1162 551 olympideA

150 561 181 638 (a
202 579 264 636 sup.
287 561 341 639 id).
368 566 461 621 -uden
478 565 542 621 GM.
574 566 674 623 -adam
689 566 731 620 E:
753 565 872 622 -adeR
936 561 1008 636 §11
1033 563 1163 634 patruele

148 649 230 721 Bone
243 649 320 704 Dueb
331 649 447 705 DLGM.
464 650 585 721 patrueli
599 650 627 705 Β
684 656 778 706 actore
792 649 821 705 C.
836 649 987 705 auotoreA
1001 644 1052 721 (uo
1063 648 1091 701 ia
1103 661 1163 701 ros.

146 732 271 804 fortasse
293 732 348 805 fuit
369 727 393 806 Ι)
420 733 585 816 BGMEI}⁴
600 735 690 790 alt-ore
716 733 744 788 Β
769 729 819 807 (m.
842 747 898 788 ree.
916 736 945 787 tu
962 736 1164 802 autoretatem

149 812 185 889 L)
252 818 352 874 arraba
370 816 463 873 ΑΒΜ.
491 818 607 873 sarraba
630 818 667 872 B.
695 818 805 874 Arruba
822 817 902 888 Bone
916 815 994 871 Dueb
1011 815 1046 872 E.
1076 816 1164 871 araba

150 901 210 957 DL.
234 900 327 958 arriha
340 900 368 959 0.
390 902 477 972 aryba
489 901 523 957 Β.
554 901 598 974 Cf.
616 902 655 956 od
671 901 749 957 VIII
761 909 788 970 6,
803 906 821 960 4
885 894 1066 972 olympiadis]
1087 901 1164 954 aiat.

150 987 196 1039 liat.
218 987 242 1040 Α
303 984 420 1041 trohada
439 985 473 1042 Β.
495 986 623 1042 troadem
640 987 677 1041 B.
705 987 810 1042 tradam
829 985 865 1041 Ε.
897 982 1024 1039 troadam
1038 983 1121 1055 Bono
1138 982 1166 1037 Β

214 1069 242 1124 in
261 1067 463 1125 matrimonium
483 1070 560 1142 Boay
575 1069 654 1126 Dueb
669 1069 724 1125 CF.
749 1070 777 1125 in
792 1067 969 1125 matrimonio
986 1067 1013 1123 R
1078 1066 1162 1123 exitii

150 1154 241 1209 ΟΕΒ.
255 1151 369 1208 exitium
386 1152 504 1210 ABGM.
524 1170 577 1210 om.
592 1154 653 1209 DL.
683 1153 763 1210 exitii
779 1155 849 1209 corsi.
872 1150 981 1207 Weiske
1031 1149 1167 1206 'omnium

151 1238 284 1293 maiorum
298 1236 358 1290 DL.
380 1238 570 1309 malorumque
589 1238 765 1308 omniumque
782 1238 815 1291 Β.
835 1236 1025 1307 maiorumque
1045 1234 1168 1290 omnium

151 1321 189 1377 Β.
229 1320 319 1377 Verba
341 1337 411 1391 quae
433 1338 517 1378 eausa
537 1322 579 1377 itti
599 1322 680 1377 exitii
699 1350 742 1360 -
757 1321 809 1376 fuit
819 1335 875 1392 per
894 1335 924 1375 se
938 1320 1046 1392 quidem
1059 1313 1169 1373 nullam

150 1406 328 1476 offensionem
346 1404 448 1460 tabent
466 1401 522 1476 (ef.
541 1405 717 1460 XXXVIII
733 1412 779 1474 10,
794 1410 812 1464 8
832 1420 902 1476 quae
918 1419 966 1459 res
982 1403 1063 1459 exitii
1080 1418 1167 1458 eausa

151 1484 233 1563 futu:
256 1488 307 1543 sed
323 1504 385 1544 eum
397 1489 432 1543 de
447 1489 577 1560 Arrybee
587 1491 671 1545 exitio
687 1505 742 1543 aon
761 1494 861 1561 uyetur
879 1493 906 1543 et
920 1489 947 1543 si
956 1489 1076 1543 maxime
1087 1487 1122 1541 de
1136 1501 1170 1542 eo

152 1577 297 1645 crueretur,
319 1573 509 1643 malorumque
526 1572 646 1628 omnium
662 1578 753 1628 temere
771 1573 944 1644 lanquidioru
961 1576 1064 1641 essent,
1083 1586 1170 1642 quam

151 1663 182 1712 et
193 1656 283 1712 exitio
292 1661 367 1712 reete
383 1657 567 1721 adderentur,
587 1657 636 1712 sub
652 1658 764 1712 lectione
781 1662 845 1729 optt.
860 1656 939 1712 codd.
959 1657 1045 1711 lutere
1061 1654 1170 1710 uidetur

153 1755 238 1795 oense
250 1739 293 1794 illi
310 1746 339 1794 et
353 1739 462 1795 initium
478 1741 611 1796 maiorum
627 1742 747 1796 omnium
763 1742 825 1798 tuit.
853 1740 897 1813 Cf.
912 1739 967 1796 Cio.
979 1740 1051 1796 Phil.
1069 1738 1107 1794 II
1121 1743 1170 1806 21,

151 1824 245 1893 507in.
266 1824 300 1879 ab
319 1823 401 1879 huius
422 1824 495 1880 enim
511 1825 621 1880 sceiere
643 1825 762 1881 omnium
778 1826 912 1881 malorum
930 1823 1098 1897 principium
1118 1838 1171 1878 na·

151 1914 207 1962 tum
228 1907 388 1978 reperietis.
417 1907 525 1965 Sueten.
547 1908 599 1964 Vit.
623 1924 648 1964 e.
665 1916 682 1970 3
702 1910 934 1980 existimatusque
951 1935 994 1949 —
1009 1905 1119 1961 initium
1139 1912 1172 1962 et

152 2008 235 2048 eausa
251 1992 484 2050 incrementorum
500 1993 573 2066 patri
591 1993 689 2051 inisse.
719 1994 817 2051 Irmtin.
835 1992 855 2047 I
866 2000 893 2061 7,
908 1997 925 2048 2
947 2007 1018 2063 quae
1034 2005 1082 2044 res
1097 1991 1172 2046 mul·

151 2084 240 2133 torum
264 2078 400 2133 bellorum
420 2077 494 2148 Cyro
515 2094 599 2134 eausa
623 2085 652 2133 et
675 2077 758 2148 origo
784 2077 843 2132 fnit.
874 2073 929 2129 III
940 2079 1007 2143 4,2
1029 2086 1171 2144 quaeres

153 2161 261 2217 initium
280 2161 467 2217 dissensionis
489 2160 626 2217 Graeciae
647 2168 675 2217 et
697 2161 822 2216 intestini
836 2159 906 2214 belii
927 2174 1011 2214 eausa
1033 2162 1062 2212 et
1082 2157 1171 2227 origo

154 2245 214 2299 fuit.
240 2244 318 2300 VIII
326 2252 349 2313 1,
360 2250 379 2302 4
390 2261 474 2301 eausa
486 2251 515 2300 at
530 2245 614 2315 origo
627 2245 708 2300 huius
724 2244 788 2298 mali
800 2242 925 2299 Thebani
944 2243 1033 2298 Inane.
1054 2238 1104 2294 XI
1113 2245 1140 2309 7,
1153 2250 1171 2299 5

152 2327 235 2383 huius
248 2327 288 2383 rei
298 2343 382 2382 eausa
395 2329 514 2399 etorigo
526 2329 575 2384 itta
586 2328 648 2383 fuit.
659 2326 757 2383 XVII
765 2324 824 2397 l,'5.
837 2326 981 2383 Pertieuta
991 2342 1044 2397 que
1057 2326 1113 2378 ium
1126 2339 1169 2395 eo,

153 2412 227 2481 qued
236 2416 286 2465 eut
301 2413 429 2467 omittitur
445 2419 495 2468 eut
504 2412 539 2467 ab
551 2413 690 2484 attis-rum
703 2413 758 2466 atie
769 2426 834 2467 uoce
845 2412 1024 2483 contemuitur,
1039 2416 1170 2480 suspectu

152 2501 209 2555 eet,-
230 2502 255 2549 et
275 2494 389 2550 exitium
407 2496 494 2568 facile
510 2511 548 2552 ex
566 2495 710 2552 ETITIUM
730 2498 749 2554 i.
766 2510 790 2550 e.
811 2502 840 2551 et
857 2496 965 2552 initium
987 2494 1058 2549 oriri
1070 2493 1169 2564 potuit.

153 2576 227 2633 Nam
242 2584 270 2634 et
284 2584 309 2633 et
323 2595 359 2634 ex
373 2583 543 2653 suepeiater
556 2594 587 2635 se
593 2585 801 2651 permutentur,
816 2581 888 2635 vetet
902 2579 921 2634 1
927 2580 951 2636 V
960 2587 986 2648 1,
997 2583 1023 2636 4.
1046 2575 1065 2630 I
1070 2575 1131 2647 Vd,
1143 2584 1169 2635 l.

161 2661 204 2718 VI
216 2669 243 2733 3,
257 2668 283 2719 2.
315 2661 392 2719 VIII
404 2673 431 2736 5,
447 2670 473 2725 7.
496 2664 564 2720 XII
575 2669 601 2734 4,
613 2670 639 2723 4.
661 2664 776 2720 XVIII
787 2669 814 2734 4,
827 2670 851 2721 2.
875 2662 955 2719 XIX
961 2668 988 2731 2,
1002 2668 1043 2720 11.
1062 2661 1173 2717 XXIV

155 2754 182 2817 3,
197 2754 223 2807 9.
245 2746 417 2819 Xoites
474 2745 546 2821 §12
561 2747 770 2805 adfinitatemA
827 2743 1169 2820 adquisiturumseDueb

153 2831 225 2887 Dett.
250 2847 281 2886 se
298 2832 426 2902 acquisit.
445 2831 474 2887 O.
489 2849 520 2888 se
537 2848 589 2887 om.
604 2832 640 2887 Β.
665 2832 708 2905 Cf.
729 2832 809 2889 VIII
821 2837 907 2901 4,11.
930 2829 1022 2885 XXX
1025 2827 1105 2885 VIII
1112 2835 1170 2899 9,3

216 2912 238 2987 ὃ
258 2922 290 2974 13
309 2915 353 2970 his
369 2915 463 2987 itaque
481 2916 570 2988 Boou.
598 2917 642 2972 his
662 2917 701 2973 ita
724 2917 745 2973 0
812 2931 987 2971 summovere
1010 2913 1035 2969 A
1099 2909 1121 2985 ὃ
1138 2918 1171 2971 14

155 3001 311 3055 mothonam
325 2998 359 3054 Α.
393 3007 529 3056 motaoam
546 3001 581 3057 B.
608 3002 765 3057 mothonam
789 3000 852 3056 GM.
876 3006 1015 3056 matonam
1029 2996 1088 3052 DI.
1112 3013 1170 3053 ma-

155 3084 267 3139 thonam
284 3082 312 3137 Β
374 3083 403 3139 in
423 3077 656 3159 praetereuntem]
680 3085 752 3139 inter
774 3089 954 3156 praeeuntem
976 3081 1035 3139 GM
1092 3078 1170 3153 §15

156 3167 319 3223 iraoondior
333 3169 359 3222 Α
374 3165 408 3242 (v
422 3164 534 3241 rupae)
598 3163 703 3242 viotosl
720 3170 775 3224 sia
791 3169 891 3224 read

526 3319 562 3375 ΙΝ
584 3320 710 3377 LIBRUM
731 3319 805 3375 VIII.

223 3420 251 3479 1.
274 3419 490 3496 §tespeoula
507 3423 588 3496 Beraq
602 3422 681 3480 Deeb
703 3421 780 3478 eos
796 3416 863 3494 (ex)
888 3420 920 3476 L.
945 3438 961 3478 e
979 3437 1031 3477 om.
1054 3419 1098 3501 R·
1111 3416 1171 3497 (iat.

155 3508 202 3565 lin.
225 3507 306 3563 trudet
327 3503 368 3583 B)
441 3508 589 3566 Insidiator
608 3508 633 3562 Α
649 3503 695 3581 (ut
709 3502 779 3579 vicl.)
794 3505 888 3563 BGM.
916 3505 1064 3563 insidiatus
1080 3503 1108 3561 Β
