2442 3975
154 179 216 244 tat
537 186 646 238 raoni
663 188 796 237 romam
932 179 1151 236 xxxvrlrs.a

155 345 259 405 lemnia
274 343 446 420 religionum
461 345 490 403 in
507 342 655 420 conplexu
674 342 772 401 matris
789 340 925 401 interficit
945 351 1032 420 atque
1046 344 1086 401 ita
1101 351 1151 403 to·

123 444 215 495 arum
225 428 338 486 sororis
354 427 445 486 caede
461 426 512 486 lilii
529 428 591 485 eius
602 435 738 485 cruentus
754 424 894 484 ascendit.
916 425 987 485 Post
999 425 1077 503 quod
1088 443 1150 486 uon

153 512 248 571 mitior
271 511 299 568 in
322 510 498 589 populares,
526 509 575 586 qui
602 527 668 567 eum
687 510 715 567 in
736 524 857 584 regnum
884 518 1052 581 moverant,
1077 509 1149 570 init:

154 592 296 671 siquidem
309 594 475 671 peregrinis
489 591 625 651 militibus
642 591 760 651 licentia
776 590 877 649 caedis
892 590 957 650 data
969 593 1065 651 omnia
1081 611 1147 652 sau·

86 732 96 755 ,
144 679 239 754 ,guine
261 678 368 737 cotidie
390 675 557 735 manabant:
589 676 682 752 ipsam
708 691 827 752 qnoque
851 690 986 733 sororem
1006 675 1066 734 lilla
1083 677 1147 734 eius

45 778 54 785 ·
152 761 267 836 uirgine
282 758 408 835 pervim
424 767 553 837 stuprata
569 760 638 816 etin
650 758 858 817 matrimonium
875 757 986 817 adscita
1001 754 1145 835 repudiat.

124 842 267 914 §Quibus
283 841 373 900 rebus
390 842 506 900 territus
521 841 646 918 populus
667 842 695 903 in
710 841 825 901 diversa
846 839 951 899 labitur
966 842 1147 919 patriamqne

124 934 232 991 tmetu
250 925 351 983 mortis
368 923 435 984 exul
457 924 602 1002 relinquit.
639 924 727 983 Solus
744 925 831 999 igitur
852 924 880 981 in
897 933 974 983 tanta
991 923 1063 983 urbe
1082 942 1148 984 cum

155 1008 214 1067 suis
229 1007 351 1067 relictus
366 1007 569 1080 Ptolemaeus,
590 1018 773 1083 cummegem
789 1025 822 1066 se
842 1023 900 1065 non
917 999 1075 1083 bominum,
1093 1007 1148 1067 sed

124 1103 308 1156 scaenarum
319 1091 432 1150 aedium
446 1091 575 1163 videret,
594 1091 692 1150 edicto
707 1091 881 1166 peregrinos
897 1090 1046 1150 sollicitat.
1076 1089 1147 1164 Qui·

155 1173 209 1233 bus
224 1172 435 1233 confluentibus
451 1172 554 1232 obuius
572 1173 679 1249 legatis
698 1172 907 1249 Romanorum,
923 1175 1053 1249 Scipioni
1068 1173 1148 1234 Airi-

155 1273 228 1316 cano
241 1264 271 1314 et
282 1256 388 1333 Spurio
399 1254 532 1315 Mummio
549 1264 578 1314 et
592 1255 623 1315 L.
636 1255 767 1328 Metello,
785 1257 833 1334 qui
849 1257 885 1317 ad
899 1257 1086 1335 adspicienda
1099 1275 1147 1316 so-

126 1340 266 1403 9ciorum
280 1356 371 1415 regna
387 1339 557 1413 veniebant,
575 1339 719 1416 procedit.
746 1339 806 1399 Sed
825 1357 908 1416 quarn
924 1350 1061 1399 cruentus
1076 1342 1148 1399 ciri·

154 1420 225 1495 bus,
241 1430 299 1480 tarn
311 1421 450 1482 ridiculus
467 1421 603 1481 Romanis
614 1422 677 1481 init.
704 1421 774 1482 Erat
791 1425 865 1481 enirn
877 1422 996 1482 etvultu
1007 1423 1148 1483 deformis

134 1513 185 1565 ,et
205 1513 312 1564 statura
336 1504 435 1564 brevis
453 1514 483 1565 et
501 1507 602 1582 sagina
622 1507 732 1564 ventris
752 1522 810 1564 uon
827 1506 950 1579 homini,
971 1506 1025 1567 sed
1040 1507 1148 1566 beluae

113 1601 147 1653 10
157 1589 268 1649 similis.
305 1586 397 1662 Quam
412 1588 580 1649 foeditatem
598 1590 683 1647 nimiu
704 1588 848 1648 subtilitas
867 1589 1035 1667 perlucidae
1054 1590 1146 1648 vestm

155 1671 294 1749 augebat:
311 1689 433 1750 prorsus
448 1672 529 1750 quasi
547 1681 609 1730 astu
624 1671 802 1750 inspicienda
818 1671 1047 1751 praeberentur,
1069 1690 1145 1751 quae

113 1767 145 1818 tl
158 1757 234 1815 omni
256 1755 349 1815 stadio
365 1754 537 1815 occultanda
560 1754 726 1833 pudibundo
744 1757 808 1814 viro
830 1765 920 1815 erant.
951 1755 1022 1815 Post
1035 1755 1146 1816 disces·

155 1856 216 1897 sum
237 1837 342 1897 deinde
357 1839 519 1915 legatorum
536 1838 673 1916 (quorum
693 1838 865 1913 Africanas,
882 1839 947 1898 duna
965 1838 1082 1917 inspicit
1100 1857 1146 1899 ur·

155 1921 238 1998 bem,
254 1922 426 2000 spectaculo
442 1921 649 1980 Alexandrinis
661 1921 728 1999 luit)
743 1923 797 1980 iam
812 1923 899 1981 etiam
915 1924 1073 2001 peregrino
1091 1939 1146 2001 po·

154 2006 224 2082 pulo
239 2007 348 2064 invisus
363 2023 425 2065 cum
441 2006 622 2088 dlio,‚quem
641 2024 679 2064 ex
695 2021 798 2065 sorore
822 2016 1010 2084 susceperat,
1028 2015 1057 2070 et
1078 2024 1147 2065 cum

156 2106 264 2165 uxore,
286 2088 539 2166 matris'p'aelice,
560 2097 637 2147 metu
661 2088 827 2148 insidiarum
851 2092 957 2149 tacitus
978 2090 1006 2149 iu
1027 2089 1147 2149 exilium

155 2172 350 2250 proficiscitur
370 2180 580 2249 conuectoqne
597 2173 800 2231 mercennario
820 2175 953 2233 exercitu
970 2172 1077 2233 bellum
1098 2188 1147 2231 so·

113 2265 147 2318 12
158 2256 338 2332 rori'pariter
352 2271 387 2314 ac
399 2257 510 2333 patriae
523 2255 619 2314 infert.
645 2254 828 2315 Arcessitum
841 2256 948 2316 deinde
962 2257 1115 2317 maximum
1130 2273 1149 2315 a

155 2337 278 2411 Cyrenis
289 2338 391 2413 lilium,
403 2356 440 2398 ne
453 2356 517 2397 enm
528 2337 720 2398 Alexandrini
731 2348 831 2398 contra
843 2358 877 2399 se
886 2358 986 2416 regem
999 2347 1148 2413 crearent,

156 2420 300 2479 interficit.
331 2420 411 2480 'lunc
433 2421 559 2499 populus
583 2429 693 2481 statuas
715 2423 777 2481 eius
799 2432 829 2482 et
848 2424 988 2500 imagines
1008 2422 1148 2482 detrabit.

113 2514 147 2568 13
158 2501 243 2576 Quod
262 2503 368 2563 lactum
388 2505 482 2564 studio
502 2506 614 2564 sororis
635 2505 801 2565 existimans
819 2506 923 2579 lilium,
945 2523 1030 2584 quem
1053 2519 1091 2565 ex
1111 2523 1148 2564 ea

156 2595 344 2666 susceperat,
361 2587 515 2662 interficit,
536 2604 704 2666 corpusque
725 2590 754 2647 in
773 2589 901 2648 membra
924 2589 1045 2648 divisum
1068 2598 1098 2648 et
1118 2590 1149 2646 in

155 2671 227 2730 cista
250 2671 432 2747 conpositum
452 2673 535 2730 matri
559 2671 606 2730 die
628 2673 715 2731 natali
740 2674 803 2732 eius
823 2674 898 2732 inter
921 2672 1024 2751 epulas
1045 2672 1148 2732 offerri

112 2763 147 2817 lt
157 2762 246 2812 curat.
278 2750 360 2825 Quae
374 2770 423 2812 res
437 2770 495 2813 non
506 2755 626 2830 reginae
641 2763 763 2832 tantum,
777 2774 878 2815 uerum
893 2758 979 2814 etium
991 2756 1148 2814 universae

155 2837 263 2895 civitati
282 2835 389 2895 acerba
410 2845 439 2895 et
462 2836 595 2897 luctuosa
615 2838 669 2897 luit
691 2847 857 2916 tantumque
877 2855 1040 2898 maerorem
1060 2839 1146 2897 lesti-

153 2920 272 2979 vissimo
291 2920 425 2979 convivio
442 2919 554 2994 intulit,
574 2929 605 2979 ut
621 2922 704 2998 regia
717 2923 810 2981 omnis
831 2923 985 2999 repentino
1007 2922 1084 2981 luctu
1103 2922 1146 2978 in·

112 3013 145 3066 15
158 3002 341 3062 ceuderetur.
367 3004 465 3065 Verso
479 3004 566 3080 igitur
581 3003 678 3064 studio
694 3004 855 3083 principum
870 3003 906 3063 ab
923 3004 1018 3081 epulis
1031 3007 1058 3063 in
1074 3020 1146 3063 exe·

155 3087 236 3163 quius
260 3086 387 3146 membra
408 3088 508 3147 lacera
529 3088 640 3165 populo
660 3086 813 3147 ostendunt
836 3086 950 3163 etquid
969 3105 1090 3165 sperare
1107 3087 1146 3147 de

152 3186 225 3244 rege
241 3185 294 3228 suo
312 3170 453 3245 debeant,
468 3171 520 3230 lilii
538 3170 631 3230 caede
646 3171 851 3232 demonstrant,

125 3262 141 3313 1
216 3253 246 3311 9.
268 3251 362 3312 Finito
380 3254 459 3312 luctu
475 3254 604 3312 orbitatis
621 3251 796 3331 Cleopatra,
821 3271 884 3312 cum
901 3254 1020 3330 urgueri
1041 3269 1074 3311 se
1088 3251 1147 3311 iru-

152 3342 236 3393 terno
257 3333 338 3394 bello
355 3337 484 3413 uideret,
506 3337 641 3395 auxilium
660 3355 676 3395 a
697 3337 846 3396 Demetrio
868 3355 943 3413 rege
968 3337 1071 3409 Syriae
1091 3351 1150 3412 per

153 3414 269 3489 legatos
281 3417 369 3495 petit,
387 3418 569 3494 cuiusipsins
587 3420 659 3478 vurii
677 3428 706 3478 et
722 3419 926 3479 memorabiles
945 3436 1031 3480 casus
1048 3418 1148 3477 luere.
