2442 3975
125 188 169 249 26
499 198 606 246 TROGI
622 199 753 247 POMPEI
972 196 1124 251 1113-15

127 354 210 414 cibus
227 351 332 412 milites
343 351 561 432 perducendos:
579 352 645 429 ipse
662 370 727 412 cum
745 355 846 431 paucis
858 354 990 429 Abydum
1002 365 1123 416 conten·

95 437 176 508 pdit.
207 436 263 497 Ubi
283 454 346 496 cum
371 436 494 496 solutum
512 443 630 513 pontem
646 433 774 496 hibernis
791 438 1012 516 tempestatibus
1031 440 1121 498 olien-

86 521 231 594 10disset,
249 520 405 597 piscatoria
425 518 533 597 scapha
552 518 682 596 trepidus
700 521 821 579 traiecit.
854 521 924 580 Erat
940 540 989 581 res
1007 531 1122 599 specta·

129 603 194 664 culo
209 604 296 679 digua
306 612 336 662 et
349 604 546 664 aestimatione
558 603 645 660 sortis
656 600 794 662 humanae
807 621 903 663 rerum
919 606 1059 664 varietate
1071 606 1121 663 mi·

48 728 54 739 ·
125 687 227 762 nanda,
250 686 282 744 in'
296 688 402 763 exigno
419 684 554 746 latentem
570 684 669 744 videre
687 688 821 762 navigio,
846 705 938 765 quem,
949 687 1036 766 paulo
1055 697 1121 747 ante

127 772 176 830 uin
195 788 305 846 aequor
326 788 409 830 omne
428 768 575 847 capiebat,
599 778 746 828 carentem
770 771 848 828 omni
870 772 955 840 etiam
973 789 1123 831 servorum

126 854 302 930 ministerio,
316 855 396 925 cuius
407 853 554 911 exercitus
567 861 688 930 propter
702 852 907 913 multitudinem
918 856 1003 913 terris
1015 847 1123 931 graves

86 945 217 1001 iterant.
252 935 316 996 Nec
338 935 520 1015 pedestribus
543 937 653 1013 copiis,
678 953 749 1013 quas
772 935 893 997 ducibus
909 937 1123 1014 adsignaverat,

127 1020 242 1079 felicius
259 1019 313 1079 iter
329 1020 396 1097 luit,
418 1019 557 1098 siquidem
575 1019 720 1078 cotidiano
738 1020 830 1080 labori
848 1022 959 1098 (neque
978 1022 1052 1080 enim
1064 1021 1123 1081 ulla

86 1112 172 1168 lueet
193 1104 384 1164 metuentibus
406 1103 503 1181 quies)
527 1103 611 1162 etiam
634 1102 726 1162 iames
748 1113 926 1167 accesserat.
968 1104 1123 1169 Multorum

128 1186 231 1246 deiude
243 1186 352 1247 dierum
363 1189 459 1264 inopia
478 1194 663 1246 contraxerat
680 1195 710 1244 et
728 1196 857 1264 pestem,
876 1196 1011 1265 tantaque
1030 1187 1122 1246 foedi·

124 1280 171 1330 tas
192 1271 371 1330 morientium
390 1270 458 1344 luit,
477 1279 507 1327 ut
524 1270 589 1329 viae
608 1268 800 1330 cadaveribus
818 1271 1007 1349 implerentur
1024 1271 1121 1331 alites·

128 1372 183 1432 que
201 1361 230 1410 et
247 1352 357 1413 bestiae
375 1370 463 1412 escae
480 1351 637 1437 inlecebris
649 1353 823 1414 sollicitatae
837 1355 995 1414 exercitum
1018 1368 1122 1432 seque·

125 1445 233 1497 rentur.

99 1531 114 1582 1
185 1522 233 1580 14.
262 1519 378 1578 lnterim
399 1519 565 1579 Mardonius
591 1521 620 1579 in
643 1519 765 1581 Graecia
792 1521 944 1597 Olynthum
963 1530 1120 1600 expugnat.

97 1603 319 1664 blithenieuses
341 1621 457 1681 quoque
474 1606 503 1661 in
519 1622 602 1681 spem
620 1607 701 1682 pacis
717 1607 928 1683 amicitiamque
944 1607 1024 1683 regis
1041 1604 1120 1665 solli·
1175 1615 1178 1627 ·

80 1699 84 1704 ’
128 1689 209 1760 citat,
228 1686 374 1764 spondeus
389 1689 526 1746 incensae
545 1704 645 1746 eorum
660 1687 739 1747 urbis
759 1690 844 1750 etiam
861 1690 888 1748 in
906 1691 995 1749 maius
1007 1691 1120 1748 restitu-

87 1772 243 1833 -3tionem
273 1769 428 1848 Postquam
439 1771 518 1831 nullo
531 1772 625 1850 pretio
644 1771 807 1833 libertatem
820 1773 867 1835 his
884 1773 1015 1834 venalem
1030 1772 1121 1847 videt,

123 1855 252 1913 incensis
264 1872 337 1932 quae
352 1854 507 1915 aedificare
518 1865 693 1933 coeperant,
712 1859 814 1935 copias
829 1857 856 1915 in
868 1856 1018 1915 Boeotiam
1029 1864 1120 1915 trans·

93 1939 190 2001 biert.
218 1937 264 1998 uo
277 1946 306 1997 et
317 1937 493 1999 Graecorum
506 1940 668 2015 exercitas,
688 1940 736 2017 qui
748 1949 861 1999 centum
873 1940 977 1999 milium
990 1938 1056 2015 luit,
1073 1956 1121 1997 se·

93 2031 208 2084 drutus
231 2032 276 2081 est
303 2021 400 2099 iquue
421 2024 563 2101 proelium
592 2025 784 2082 commissum.
817 2023 876 2082 Sed
903 2023 1018 2082 iortuna
1039 2024 1120 2099 regis

127 2124 191 2165 cum
207 2106 280 2165 duce
296 2114 401 2166 mutata
418 2123 476 2165 non
494 2116 548 2166 est,
581 2106 654 2166 Nam
673 2107 765 2165 victus
782 2106 947 2166 Mardonius
970 2105 1059 2165 veluti
1082 2125 1121 2166 eu

97 2189 275 2264 6naulragio
289 2206 351 2248 cnm
364 2191 463 2267 paucis
476 2190 615 2268 profugit.
638 2189 739 2249 Castra
757 2191 865 2250 referta
878 2189 987 2267 regalis
999 2190 1120 2269 opulen-

126 2274 184 2331 tiae
200 2280 293 2348 capta.
324 2272 408 2331 Unde
426 2274 546 2351 primum
564 2272 695 2333 Graecos
713 2272 805 2333 diviso
822 2275 895 2334 inter
913 2292 946 2332 se
964 2291 1034 2333 auro
1052 2274 1119 2333 Per·

97 2361 116 2415 t
128 2355 189 2412 sico
202 2353 361 2428 divitiarum
373 2355 482 2415 luxuria
496 2357 583 2435 cepit.
608 2356 720 2415 Eodem
739 2358 815 2417 forte
827 2357 887 2432 die,
908 2374 966 2434 quo
979 2357 1120 2417 hlardonii

129 2436 232 2514 copiae
250 2436 364 2496 deletae
384 2448 463 2516 sust,
481 2442 564 2500 ctiam
581 2440 677 2499 navali
694 2441 809 2517 proelio
827 2442 855 2500 in
867 2440 938 2499 Asia
958 2441 1119 2500 submonte

41 2544 45 2551 ·
96 2519 239 2594 Sllycale
257 2519 395 2580 adversus
408 2522 512 2582 Persas
531 2523 692 2582 dimicatum
706 2532 759 2583 est.
786 2523 829 2582 lbi
847 2532 913 2583 ante
932 2526 1119 2601 congressio·

125 2621 206 2679 nem,
220 2620 283 2662 cum
296 2604 406 2664 classes
419 2624 456 2663 ex
466 2605 591 2666 aduerso
604 2615 727 2682 starent,
740 2607 814 2665 lama
826 2606 863 2665 ad
874 2615 1024 2685 utrumque
1037 2624 1120 2666 exer·

126 2687 211 2745 citum
223 2688 314 2763 venit,
332 2689 437 2747 vicisse
450 2688 578 2748 Graecos
598 2698 627 2747 et
639 2688 777 2749 hlardouii
795 2691 896 2767 copias
908 2690 1060 2748 occidione
1073 2707 1120 2748 ce·

96 2769 241 2833 9cidisse.
274 2769 392 2831 Tantam
409 2771 503 2830 iarnae
521 2770 707 2836 velocitatem
722 2772 827 2849 inisse,
845 2781 889 2847 ut,
910 2789 973 2831 cum
983 2773 1119 2834 matutino

125 2863 256 2932 ternpore
269 2854 411 2932 proelium
422 2856 449 2913 in
462 2855 584 2914 Boeotia
595 2856 778 2914 commissum
790 2856 842 2930 sit,
861 2855 1026 2915 meridianis
1039 2855 1120 2915 horis

125 2938 153 2994 in
165 2937 264 2996 Asiam
277 2956 330 3015 per
341 2946 383 2996 tot
393 2939 481 2997 maria
492 2947 521 2997 et
532 2947 638 2998 tantum
648 2938 734 3015 spatii
748 2948 803 2998 tam
815 2937 899 2997 brevi
915 2938 1047 2997 horarum
1060 2954 1119 2996 mo·

84 3029 218 3082 lomento
231 3020 267 3079 de
279 3022 401 3080 victoria
417 3024 571 3081 nuntiatum
583 3023 629 3081 sit·
650 3019 792 3081 Confecto
805 3020 896 3098 bello,
910 3038 973 3080 cum
986 3020 1022 3079 de
1035 3038 1119 3097 prae·

124 3103 187 3162 miis
198 3105 353 3163 civitatium
371 3113 520 3181 ageretur,
539 3108 664 3164 omnium
680 3103 786 3164 iudicio
799 3105 1018 3165 Atheniensium
1029 3106 1120 3163 virtus

84 3188 231 3248 llceteris
249 3187 386 3265 praelata.
416 3188 494 3247 luter
513 3187 602 3247 duces
620 3205 736 3267 quoque
749 3188 962 3249 Themistocles
981 3188 1120 3267 princeps

126 3270 269 3329 civitatum
281 3272 443 3330 testimonio
456 3270 595 3330 iudicatus
607 3272 732 3348 gloriam
744 3274 854 3349 patriae
866 3289 936 3331 suae
949 3274 1035 3330 anxit.
1136 3329 1143 3334 ,

97 3362 112 3411 1
190 3353 236 3410 15.
259 3352 351 3427 Igitur
373 3352 567 3413 Athenienses
591 3356 668 3414 aucti
689 3363 718 3414 et
735 3355 871 3432 praemiis
888 3353 958 3413 belli
976 3362 1006 3411 et
1022 3353 1120 3429 gloria

94 3431 224 3491 hurbem
246 3452 284 3491 ex
301 3436 415 3509 integro
440 3437 566 3497 condere
588 3439 751 3497 moliuntur.
786 3435 857 3498 Cum
877 3437 993 3497 moenia
1010 3438 1121 3496 maiora
