<?xml version="1.0" encoding="UTF-8"?>
<!DOCTYPE html PUBLIC "-//W3C//DTD XHTML 1.0 Transitional//EN"
    "http://www.w3.org/TR/xhtml1/DTD/xhtml1-transitional.dtd">
<html xmlns="http://www.w3.org/1999/xhtml" xml:lang="en" lang="en">
 <head>
  <title>
</title>
<meta http-equiv="Content-Type" content="text/html;charset=utf-8" />
  <meta name='ocr-system' content='tesseract 3.04.00' />
  <meta name='ocr-capabilities' content='ocr_page ocr_carea ocr_par ocr_line ocrx_word'/>
</head>
<body>
  <div class='ocr_page' id='page_1' title='image "./iustinustrogipo00troggoog_0303.png"; bbox 0 0 2442 3975; ppageno 0'>
   <div class='ocr_carea' id='block_1_1' title="bbox 78 179 1080 242">
    <p class='ocr_par' dir='ltr' id='par_1_1' title="bbox 78 179 1080 242">
     <span class='ocr_line' id='line_1_1' title="bbox 78 179 1080 242; baseline 0.008 -8"><span class='ocrx_word' id='word_1_1' title='bbox 78 179 169 236; x_wconf 78' lang='lat' dir='ltr'><strong>mu.</strong></span> <span class='ocrx_word' id='word_1_2' title='bbox 182 183 216 234; x_wconf 90' lang='lat'><strong>10</strong></span> <span class='ocrx_word' id='word_1_3' title='bbox 324 200 332 214; x_wconf 90' lang='lat'><strong>·</strong></span> <span class='ocrx_word' id='word_1_4' title='bbox 419 190 510 238; x_wconf 74' lang='lat' dir='ltr'><strong>mrsu.</strong></span> <span class='ocrx_word' id='word_1_5' title='bbox 525 191 621 238; x_wconf 79' lang='lat' dir='ltr'><strong>eum.</strong></span> <span class='ocrx_word' id='word_1_6' title='bbox 636 189 727 238; x_wconf 79' lang='lat' dir='ltr'><strong>seru.</strong></span> <span class='ocrx_word' id='word_1_7' title='bbox 1033 179 1080 242; x_wconf 80' lang='lat' dir='ltr'><strong>st.</strong></span> 
     </span>
    </p>
   </div>
   <div class='ocr_carea' id='block_1_2' title="bbox 80 340 1198 417">
    <p class='ocr_par' dir='ltr' id='par_1_2' title="bbox 80 340 1198 417">
     <span class='ocr_line' id='line_1_2' title="bbox 80 340 1198 417; baseline 0.008 -16"><span class='ocrx_word' id='word_1_8' title='bbox 80 352 175 417; x_wconf 86' lang='lat' dir='ltr'><strong>esset,</strong></span> <span class='ocrx_word' id='word_1_9' title='bbox 201 343 361 401; x_wconf 87' lang='lat' dir='ltr'><strong>exercitum</strong></span> <span class='ocrx_word' id='word_1_10' title='bbox 384 342 419 401; x_wconf 89' lang='lat' dir='ltr'><strong>ad</strong></span> <span class='ocrx_word' id='word_1_11' title='bbox 438 341 538 400; x_wconf 89' lang='lat' dir='ltr'><strong>urbem</strong></span> <span class='ocrx_word' id='word_1_12' title='bbox 559 358 658 401; x_wconf 89' lang='lat' dir='ltr'><strong>eorum</strong></span> <span class='ocrx_word' id='word_1_13' title='bbox 674 341 761 401; x_wconf 88' lang='lat' dir='ltr'><strong>ducit.</strong></span> <span class='ocrx_word' id='word_1_14' title='bbox 791 340 884 413; x_wconf 81' lang='lat' dir='ltr'><strong>Quam</strong></span> <span class='ocrx_word' id='word_1_15' title='bbox 898 342 1044 404; x_wconf 72' lang='lat' dir='ltr'>desertam</span> <span class='ocrx_word' id='word_1_16' title='bbox 1058 358 1103 410; x_wconf 86' lang='lat' dir='ltr'><strong>a5</strong></span> <span class='ocrx_word' id='word_1_17' title='bbox 1190 361 1198 368; x_wconf 63' lang='lat'><strong>⁴</strong></span> 
     </span>
    </p>
   </div>
   <div class='ocr_carea' id='block_1_3' title="bbox 2 419 1127 3487">
    <p class='ocr_par' dir='ltr' id='par_1_3' title="bbox 2 419 1127 3487">
     <span class='ocr_line' id='line_1_3' title="bbox 79 419 1073 502; baseline 0.005 -20"><span class='ocrx_word' id='word_1_18' title='bbox 79 419 284 492; x_wconf 68' lang='lat' dir='ltr'><strong>defensoribus</strong></span> <span class='ocrx_word' id='word_1_19' title='bbox 304 441 369 482; x_wconf 88' lang='lat' dir='ltr'><strong>cum</strong></span> <span class='ocrx_word' id='word_1_20' title='bbox 383 424 419 483; x_wconf 91' lang='lat' dir='ltr'><strong>de</strong></span> <span class='ocrx_word' id='word_1_21' title='bbox 433 440 533 499; x_wconf 86' lang='lat' dir='ltr'><strong>muro,</strong></span> <span class='ocrx_word' id='word_1_22' title='bbox 555 441 640 501; x_wconf 85' lang='lat' dir='ltr'><strong>quem</strong></span> <span class='ocrx_word' id='word_1_23' title='bbox 654 425 770 502; x_wconf 17' lang='lat' dir='ltr'><strong>‘primus</strong></span> <span class='ocrx_word' id='word_1_24' title='bbox 792 433 930 502; x_wconf 81' lang='lat' dir='ltr'><strong>ceperat,</strong></span> <span class='ocrx_word' id='word_1_25' title='bbox 951 426 1073 487; x_wconf 87' lang='lat' dir='ltr'><strong>animad-</strong></span> 
     </span>
     <span class='ocr_line' id='line_1_4' title="bbox 77 506 1102 587; baseline 0.003 -22"><span class='ocrx_word' id='word_1_26' title='bbox 77 509 232 581; x_wconf 80' lang='lat' dir='ltr'><strong>vertisset,</strong></span> <span class='ocrx_word' id='word_1_27' title='bbox 248 509 276 564; x_wconf 90' lang='lat' dir='ltr'><strong>ln</strong></span> <span class='ocrx_word' id='word_1_28' title='bbox 288 506 368 566; x_wconf 90' lang='lat' dir='ltr'><strong>urbis</strong></span> <span class='ocrx_word' id='word_1_29' title='bbox 383 506 530 583; x_wconf 80' lang='lat' dir='ltr'><strong>planitiem</strong></span> <span class='ocrx_word' id='word_1_30' title='bbox 545 508 607 565; x_wconf 90' lang='lat' dir='ltr'><strong>sine</strong></span> <span class='ocrx_word' id='word_1_31' title='bbox 620 507 681 566; x_wconf 92' lang='lat' dir='ltr'><strong>ullo</strong></span> <span class='ocrx_word' id='word_1_32' title='bbox 696 506 823 568; x_wconf 80' lang='lat' dir='ltr'><strong>satellite</strong></span> <span class='ocrx_word' id='word_1_33' title='bbox 838 507 954 566; x_wconf 78' lang='lat' dir='ltr'><strong>desiliit.</strong></span> <span class='ocrx_word' id='word_1_34' title='bbox 972 508 1102 587; x_wconf 75' lang='lat' dir='ltr'><strong>ltaqueo</strong></span> 
     </span>
     <span class='ocr_line' id='line_1_5' title="bbox 49 589 1075 669; baseline 0.001 -20"><span class='ocrx_word' id='word_1_35' title='bbox 49 621 56 629; x_wconf 88' lang='lat'><strong>·</strong></span> <span class='ocrx_word' id='word_1_36' title='bbox 80 608 143 649; x_wconf 89' lang='lat' dir='ltr'><strong>oum</strong></span> <span class='ocrx_word' id='word_1_37' title='bbox 159 608 223 650; x_wconf 90' lang='lat' dir='ltr'><strong>eum</strong></span> <span class='ocrx_word' id='word_1_38' title='bbox 238 591 339 649; x_wconf 85' lang='lat' dir='ltr'><strong>hostes</strong></span> <span class='ocrx_word' id='word_1_39' title='bbox 356 589 449 648; x_wconf 91' lang='lat' dir='ltr'><strong>solum</strong></span> <span class='ocrx_word' id='word_1_40' title='bbox 461 591 700 667; x_wconf 77' lang='lat' dir='ltr'><strong>conspexissent,</strong></span> <span class='ocrx_word' id='word_1_41' title='bbox 716 589 843 649; x_wconf 90' lang='lat' dir='ltr'><strong>clamore</strong></span> <span class='ocrx_word' id='word_1_42' title='bbox 860 590 938 650; x_wconf 90' lang='lat' dir='ltr'><strong>edito</strong></span> <span class='ocrx_word' id='word_1_43' title='bbox 949 592 1075 669; x_wconf 81' lang='lat' dir='ltr'><strong>undique</strong></span> 
     </span>
     <span class='ocr_line' id='line_1_6' title="bbox 80 671 1074 751; baseline -0.001 -19"><span class='ocrx_word' id='word_1_44' title='bbox 80 681 269 747; x_wconf 87' lang='lat' dir='ltr'><strong>concurrunt,</strong></span> <span class='ocrx_word' id='word_1_45' title='bbox 292 672 316 730; x_wconf 92' lang='lat' dir='ltr'><strong>si</strong></span> <span class='ocrx_word' id='word_1_46' title='bbox 332 674 444 749; x_wconf 87' lang='lat' dir='ltr'><strong>possint</strong></span> <span class='ocrx_word' id='word_1_47' title='bbox 462 674 491 731; x_wconf 93' lang='lat' dir='ltr'><strong>in</strong></span> <span class='ocrx_word' id='word_1_48' title='bbox 509 690 564 731; x_wconf 93' lang='lat' dir='ltr'><strong>uno</strong></span> <span class='ocrx_word' id='word_1_49' title='bbox 581 675 677 751; x_wconf 88' lang='lat' dir='ltr'><strong>capite</strong></span> <span class='ocrx_word' id='word_1_50' title='bbox 696 672 775 732; x_wconf 92' lang='lat' dir='ltr'><strong>orbis</strong></span> <span class='ocrx_word' id='word_1_51' title='bbox 791 671 870 733; x_wconf 91' lang='lat' dir='ltr'><strong>bella</strong></span> <span class='ocrx_word' id='word_1_52' title='bbox 887 673 969 731; x_wconf 87' lang='lat' dir='ltr'><strong>linire</strong></span> <span class='ocrx_word' id='word_1_53' title='bbox 987 682 1017 732; x_wconf 87' lang='lat' dir='ltr'><strong>et</strong></span> <span class='ocrx_word' id='word_1_54' title='bbox 1032 673 1074 732; x_wconf 91' lang='lat' dir='ltr'><strong>ul·</strong></span> 
     </span>
     <span class='ocr_line' id='line_1_7' title="bbox 79 754 1104 830; baseline 0.001 -16"><span class='ocrx_word' id='word_1_55' title='bbox 79 758 185 814; x_wconf 90' lang='lat' dir='ltr'><strong>tionem</strong></span> <span class='ocrx_word' id='word_1_56' title='bbox 205 764 249 813; x_wconf 93' lang='lat' dir='ltr'><strong>tot</strong></span> <span class='ocrx_word' id='word_1_57' title='bbox 269 755 404 830; x_wconf 88' lang='lat' dir='ltr'><strong>gentibus</strong></span> <span class='ocrx_word' id='word_1_58' title='bbox 424 754 504 813; x_wconf 89' lang='lat' dir='ltr'><strong>dare.</strong></span> <span class='ocrx_word' id='word_1_59' title='bbox 536 754 599 814; x_wconf 88' lang='lat' dir='ltr'><strong>Nec</strong></span> <span class='ocrx_word' id='word_1_60' title='bbox 620 758 712 815; x_wconf 91' lang='lat' dir='ltr'><strong>minus</strong></span> <span class='ocrx_word' id='word_1_61' title='bbox 727 754 895 815; x_wconf 74' lang='lat' dir='ltr'><strong>Alexander</strong></span> <span class='ocrx_word' id='word_1_62' title='bbox 910 764 1104 820; x_wconf 67' lang='lat' dir='ltr'><strong>constanter?</strong></span> 
     </span>
     <span class='ocr_line' id='line_1_8' title="bbox 78 837 1102 916; baseline 0 -20"><span class='ocrx_word' id='word_1_63' title='bbox 78 839 184 896; x_wconf 85' lang='lat' dir='ltr'><strong>restitit</strong></span> <span class='ocrx_word' id='word_1_64' title='bbox 196 848 225 904; x_wconf 84' lang='lat' dir='ltr'><strong>et</strong></span> <span class='ocrx_word' id='word_1_65' title='bbox 237 855 308 895; x_wconf 91' lang='lat' dir='ltr'><strong>uuus</strong></span> <span class='ocrx_word' id='word_1_66' title='bbox 323 837 465 896; x_wconf 88' lang='lat' dir='ltr'><strong>adversus</strong></span> <span class='ocrx_word' id='word_1_67' title='bbox 479 847 521 898; x_wconf 90' lang='lat' dir='ltr'><strong>tot</strong></span> <span class='ocrx_word' id='word_1_68' title='bbox 532 838 610 902; x_wconf 90' lang='lat' dir='ltr'><strong>milia</strong></span> <span class='ocrx_word' id='word_1_69' title='bbox 622 837 790 916; x_wconf 87' lang='lat' dir='ltr'><strong>proeliatur.</strong></span> <span class='ocrx_word' id='word_1_70' title='bbox 805 838 982 899; x_wconf 78' lang='lat' dir='ltr'><strong>Incredibile</strong></span> <span class='ocrx_word' id='word_1_71' title='bbox 994 839 1102 902; x_wconf 71' lang='lat' dir='ltr'><strong>dictus</strong></span> 
     </span>
     <span class='ocr_line' id='line_1_9' title="bbox 79 919 1074 997; baseline 0 -18"><span class='ocrx_word' id='word_1_72' title='bbox 79 930 140 994; x_wconf 80' lang='lat' dir='ltr'><strong>est,</strong></span> <span class='ocrx_word' id='word_1_73' title='bbox 161 928 192 978; x_wconf 91' lang='lat' dir='ltr'><strong>ut</strong></span> <span class='ocrx_word' id='word_1_74' title='bbox 207 937 271 978; x_wconf 88' lang='lat' dir='ltr'><strong>eum</strong></span> <span class='ocrx_word' id='word_1_75' title='bbox 287 936 344 977; x_wconf 92' lang='lat' dir='ltr'><strong>non</strong></span> <span class='ocrx_word' id='word_1_76' title='bbox 358 919 508 981; x_wconf 89' lang='lat' dir='ltr'><strong>multitudo</strong></span> <span class='ocrx_word' id='word_1_77' title='bbox 523 920 665 995; x_wconf 87' lang='lat' dir='ltr'><strong>hostium,</strong></span> <span class='ocrx_word' id='word_1_78' title='bbox 688 937 746 978; x_wconf 91' lang='lat' dir='ltr'><strong>uon</strong></span> <span class='ocrx_word' id='word_1_79' title='bbox 759 921 804 979; x_wconf 90' lang='lat' dir='ltr'><strong>vis</strong></span> <span class='ocrx_word' id='word_1_80' title='bbox 820 937 922 997; x_wconf 85' lang='lat' dir='ltr'><strong>magna</strong></span> <span class='ocrx_word' id='word_1_81' title='bbox 938 921 1074 995; x_wconf 89' lang='lat' dir='ltr'><strong>telorum,</strong></span> 
     </span>
     <span class='ocr_line' id='line_1_10' title="bbox 76 1001 1073 1077; baseline 0.002 -16"><span class='ocrx_word' id='word_1_82' title='bbox 76 1020 135 1061; x_wconf 92' lang='lat' dir='ltr'><strong>uon</strong></span> <span class='ocrx_word' id='word_1_83' title='bbox 151 1011 245 1061; x_wconf 82' lang='lat' dir='ltr'><strong>tantus</strong></span> <span class='ocrx_word' id='word_1_84' title='bbox 260 1001 463 1061; x_wconf 73' lang='lat' dir='ltr'><strong>lacessentium</strong></span> <span class='ocrx_word' id='word_1_85' title='bbox 480 1003 590 1066; x_wconf 87' lang='lat' dir='ltr'><strong>clamor</strong></span> <span class='ocrx_word' id='word_1_86' title='bbox 603 1004 756 1077; x_wconf 81' lang='lat' dir='ltr'><strong>terruerit,</strong></span> <span class='ocrx_word' id='word_1_87' title='bbox 780 1004 864 1062; x_wconf 86' lang='lat' dir='ltr'><strong>solus</strong></span> <span class='ocrx_word' id='word_1_88' title='bbox 877 1012 923 1063; x_wconf 90' lang='lat' dir='ltr'><strong>tot</strong></span> <span class='ocrx_word' id='word_1_89' title='bbox 936 1003 1013 1063; x_wconf 90' lang='lat' dir='ltr'><strong>milia</strong></span> <span class='ocrx_word' id='word_1_90' title='bbox 1026 1020 1073 1063; x_wconf 85' lang='lat' dir='ltr'><strong>ce·</strong></span> 
     </span>
     <span class='ocr_line' id='line_1_11' title="bbox 79 1084 1102 1161; baseline 0.004 -17"><span class='ocrx_word' id='word_1_91' title='bbox 79 1085 183 1144; x_wconf 82' lang='lat' dir='ltr'><strong>uiderit</strong></span> <span class='ocrx_word' id='word_1_92' title='bbox 209 1102 244 1143; x_wconf 94' lang='lat' dir='ltr'><strong>ac</strong></span> <span class='ocrx_word' id='word_1_93' title='bbox 269 1085 424 1161; x_wconf 80' lang='lat' dir='ltr'><strong>fugaverit.</strong></span> <span class='ocrx_word' id='word_1_94' title='bbox 462 1084 517 1144; x_wconf 87' lang='lat' dir='ltr'><strong>Ubi</strong></span> <span class='ocrx_word' id='word_1_95' title='bbox 539 1102 611 1144; x_wconf 89' lang='lat' dir='ltr'><strong>vero</strong></span> <span class='ocrx_word' id='word_1_96' title='bbox 630 1085 712 1143; x_wconf 91' lang='lat' dir='ltr'><strong>obrui</strong></span> <span class='ocrx_word' id='word_1_97' title='bbox 734 1085 912 1145; x_wconf 88' lang='lat' dir='ltr'><strong>multitudine</strong></span> <span class='ocrx_word' id='word_1_98' title='bbox 936 1103 969 1145; x_wconf 91' lang='lat' dir='ltr'><strong>se</strong></span> <span class='ocrx_word' id='word_1_99' title='bbox 995 1085 1102 1158; x_wconf 68' lang='lat' dir='ltr'><strong>vilius</strong></span> 
     </span>
     <span class='ocr_line' id='line_1_12' title="bbox 78 1165 1117 1246; baseline 0.004 -20"><span class='ocrx_word' id='word_1_100' title='bbox 78 1178 179 1226; x_wconf 86' lang='lat' dir='ltr'><strong>trunco</strong></span> <span class='ocrx_word' id='word_1_101' title='bbox 194 1186 244 1243; x_wconf 91' lang='lat' dir='ltr'><strong>se,</strong></span> <span class='ocrx_word' id='word_1_102' title='bbox 267 1169 318 1244; x_wconf 82' lang='lat' dir='ltr'><strong>qui</strong></span> <span class='ocrx_word' id='word_1_103' title='bbox 333 1177 391 1225; x_wconf 90' lang='lat' dir='ltr'><strong>tum</strong></span> <span class='ocrx_word' id='word_1_104' title='bbox 413 1165 535 1245; x_wconf 87' lang='lat' dir='ltr'><strong>propter</strong></span> <span class='ocrx_word' id='word_1_105' title='bbox 558 1185 668 1227; x_wconf 87' lang='lat' dir='ltr'><strong>murum</strong></span> <span class='ocrx_word' id='word_1_106' title='bbox 682 1167 791 1244; x_wconf 79' lang='lat' dir='ltr'><strong>stabat,</strong></span> <span class='ocrx_word' id='word_1_107' title='bbox 809 1165 964 1246; x_wconf 81' lang='lat' dir='ltr'><strong>adplicuit:</strong></span> <span class='ocrx_word' id='word_1_108' title='bbox 996 1169 1076 1227; x_wconf 89' lang='lat' dir='ltr'><strong>culus</strong></span> <span class='ocrx_word' id='word_1_109' title='bbox 1084 1178 1117 1229; x_wconf 87' lang='lat'><strong>10</strong></span> 
     </span>
     <span class='ocr_line' id='line_1_13' title="bbox 78 1245 1074 1328; baseline -0.002 -17"><span class='ocrx_word' id='word_1_110' title='bbox 78 1250 184 1311; x_wconf 85' lang='lat' dir='ltr'><strong>auxilio</strong></span> <span class='ocrx_word' id='word_1_111' title='bbox 196 1259 271 1309; x_wconf 90' lang='lat' dir='ltr'><strong>tutus</strong></span> <span class='ocrx_word' id='word_1_112' title='bbox 284 1268 347 1309; x_wconf 82' lang='lat' dir='ltr'><strong>cunr</strong></span> <span class='ocrx_word' id='word_1_113' title='bbox 363 1250 410 1308; x_wconf 93' lang='lat' dir='ltr'><strong>diu</strong></span> <span class='ocrx_word' id='word_1_114' title='bbox 428 1268 532 1326; x_wconf 83' lang='lat' dir='ltr'><strong>agmen</strong></span> <span class='ocrx_word' id='word_1_115' title='bbox 543 1245 745 1327; x_wconf 69' lang='lat' dir='ltr'><strong>sustinuisset,</strong></span> <span class='ocrx_word' id='word_1_116' title='bbox 766 1252 880 1312; x_wconf 90' lang='lat' dir='ltr'><strong>tandem</strong></span> <span class='ocrx_word' id='word_1_117' title='bbox 893 1252 1010 1328; x_wconf 85' lang='lat' dir='ltr'><strong>cognito</strong></span> <span class='ocrx_word' id='word_1_118' title='bbox 1023 1268 1074 1328; x_wconf 93' lang='lat' dir='ltr'><strong>pe·</strong></span> 
     </span>
     <span class='ocr_line' id='line_1_14' title="bbox 77 1333 1115 1411; baseline 0.002 -18"><span class='ocrx_word' id='word_1_119' title='bbox 77 1334 169 1393; x_wconf 89' lang='lat' dir='ltr'><strong>riculo</strong></span> <span class='ocrx_word' id='word_1_120' title='bbox 187 1334 257 1391; x_wconf 85' lang='lat' dir='ltr'><strong>eins</strong></span> <span class='ocrx_word' id='word_1_121' title='bbox 271 1333 355 1394; x_wconf 89' lang='lat' dir='ltr'><strong>amici</strong></span> <span class='ocrx_word' id='word_1_122' title='bbox 375 1333 419 1392; x_wconf 70' lang='lat' dir='ltr'><strong>ad&#39;</strong></span> <span class='ocrx_word' id='word_1_123' title='bbox 434 1351 499 1392; x_wconf 90' lang='lat' dir='ltr'><strong>sum</strong></span> <span class='ocrx_word' id='word_1_124' title='bbox 519 1333 668 1392; x_wconf 88' lang='lat' dir='ltr'><strong>desiliunt:</strong></span> <span class='ocrx_word' id='word_1_125' title='bbox 698 1350 737 1392; x_wconf 87' lang='lat' dir='ltr'><strong>ex</strong></span> <span class='ocrx_word' id='word_1_126' title='bbox 759 1334 865 1411; x_wconf 84' lang='lat' dir='ltr'><strong>quibus</strong></span> <span class='ocrx_word' id='word_1_127' title='bbox 885 1334 965 1394; x_wconf 90' lang='lat' dir='ltr'><strong>multi</strong></span> <span class='ocrx_word' id='word_1_128' title='bbox 984 1334 1115 1410; x_wconf 57' lang='lat' dir='ltr'><strong>caestu</strong></span> 
     </span>
     <span class='ocr_line' id='line_1_15' title="bbox 79 1415 1073 1494; baseline -0.001 -20"><span class='ocrx_word' id='word_1_129' title='bbox 79 1416 279 1494; x_wconf 86' lang='lat' dir='ltr'><strong>proeliumque</strong></span> <span class='ocrx_word' id='word_1_130' title='bbox 297 1424 352 1474; x_wconf 91' lang='lat' dir='ltr'><strong>tam</strong></span> <span class='ocrx_word' id='word_1_131' title='bbox 368 1415 415 1474; x_wconf 91' lang='lat' dir='ltr'><strong>diu</strong></span> <span class='ocrx_word' id='word_1_132' title='bbox 432 1434 541 1493; x_wconf 83' lang='lat' dir='ltr'><strong>anceps</strong></span> <span class='ocrx_word' id='word_1_133' title='bbox 556 1416 619 1492; x_wconf 87' lang='lat' dir='ltr'><strong>luit,</strong></span> <span class='ocrx_word' id='word_1_134' title='bbox 638 1417 734 1493; x_wconf 87' lang='lat' dir='ltr'><strong>quoad</strong></span> <span class='ocrx_word' id='word_1_135' title='bbox 747 1418 837 1477; x_wconf 88' lang='lat' dir='ltr'><strong>omnis</strong></span> <span class='ocrx_word' id='word_1_136' title='bbox 853 1419 1000 1476; x_wconf 86' lang='lat' dir='ltr'><strong>exercitus</strong></span> <span class='ocrx_word' id='word_1_137' title='bbox 1015 1434 1073 1474; x_wconf 91' lang='lat' dir='ltr'><strong>mu·</strong></span> 
     </span>
     <span class='ocr_line' id='line_1_16' title="bbox 77 1496 1118 1578; baseline 0 -20"><span class='ocrx_word' id='word_1_138' title='bbox 77 1501 118 1558; x_wconf 90' lang='lat' dir='ltr'><strong>ris</strong></span> <span class='ocrx_word' id='word_1_139' title='bbox 140 1499 266 1557; x_wconf 82' lang='lat' dir='ltr'><strong>deiectis</strong></span> <span class='ocrx_word' id='word_1_140' title='bbox 281 1499 310 1557; x_wconf 92' lang='lat' dir='ltr'><strong>in</strong></span> <span class='ocrx_word' id='word_1_141' title='bbox 331 1497 465 1558; x_wconf 79' lang='lat' dir='ltr'><strong>auxilium</strong></span> <span class='ocrx_word' id='word_1_142' title='bbox 490 1501 613 1558; x_wconf 87' lang='lat' dir='ltr'><strong>veniret.</strong></span> <span class='ocrx_word' id='word_1_143' title='bbox 653 1498 685 1557; x_wconf 92' lang='lat' dir='ltr'><strong>ln</strong></span> <span class='ocrx_word' id='word_1_144' title='bbox 707 1517 744 1558; x_wconf 90' lang='lat' dir='ltr'><strong>eo</strong></span> <span class='ocrx_word' id='word_1_145' title='bbox 766 1499 881 1578; x_wconf 90' lang='lat' dir='ltr'><strong>proelio</strong></span> <span class='ocrx_word' id='word_1_146' title='bbox 903 1500 1007 1574; x_wconf 90' lang='lat' dir='ltr'><strong>sagitta</strong></span> <span class='ocrx_word' id='word_1_147' title='bbox 1022 1496 1118 1559; x_wconf 69' lang='lat' dir='ltr'><strong>sublu</strong></span> 
     </span>
     <span class='ocr_line' id='line_1_17' title="bbox 2 1578 1073 1657; baseline -0.004 -17"><span class='ocrx_word' id='word_1_148' title='bbox 2 1613 6 1619; x_wconf 74' lang='lat'><em>,</em></span> <span class='ocrx_word' id='word_1_149' title='bbox 78 1599 196 1641; x_wconf 89' lang='lat' dir='ltr'><strong>mamma</strong></span> <span class='ocrx_word' id='word_1_150' title='bbox 211 1578 350 1640; x_wconf 82' lang='lat' dir='ltr'><strong>traiectus</strong></span> <span class='ocrx_word' id='word_1_151' title='bbox 371 1599 433 1648; x_wconf 87' lang='lat' dir='ltr'><strong>cum</strong></span> <span class='ocrx_word' id='word_1_152' title='bbox 449 1583 596 1657; x_wconf 82' lang='lat' dir='ltr'><strong>sanguinis</strong></span> <span class='ocrx_word' id='word_1_153' title='bbox 613 1582 691 1640; x_wconf 89' lang='lat' dir='ltr'><strong>lluxu</strong></span> <span class='ocrx_word' id='word_1_154' title='bbox 707 1582 865 1656; x_wconf 80' lang='lat' dir='ltr'><strong>deiiceret,</strong></span> <span class='ocrx_word' id='word_1_155' title='bbox 888 1599 963 1657; x_wconf 89' lang='lat' dir='ltr'><strong>genu</strong></span> <span class='ocrx_word' id='word_1_156' title='bbox 976 1581 1073 1657; x_wconf 91' lang='lat' dir='ltr'><strong>posito</strong></span> 
     </span>
     <span class='ocr_line' id='line_1_18' title="bbox 78 1662 1075 1741; baseline -0.004 -17"><span class='ocrx_word' id='word_1_157' title='bbox 78 1665 196 1724; x_wconf 89' lang='lat' dir='ltr'><strong>tamdiu</strong></span> <span class='ocrx_word' id='word_1_158' title='bbox 214 1663 372 1741; x_wconf 88' lang='lat' dir='ltr'><strong>proeliatus</strong></span> <span class='ocrx_word' id='word_1_159' title='bbox 391 1672 453 1738; x_wconf 86' lang='lat' dir='ltr'><strong>est,</strong></span> <span class='ocrx_word' id='word_1_160' title='bbox 473 1664 567 1723; x_wconf 87' lang='lat' dir='ltr'><strong>donec</strong></span> <span class='ocrx_word' id='word_1_161' title='bbox 583 1681 696 1738; x_wconf 89' lang='lat' dir='ltr'><strong>eum‚-a</strong></span> <span class='ocrx_word' id='word_1_162' title='bbox 714 1680 771 1740; x_wconf 91' lang='lat' dir='ltr'><strong>quo</strong></span> <span class='ocrx_word' id='word_1_163' title='bbox 783 1663 951 1723; x_wconf 84' lang='lat' dir='ltr'><strong>vulneratus</strong></span> <span class='ocrx_word' id='word_1_164' title='bbox 968 1662 1075 1735; x_wconf 87' lang='lat' dir='ltr'><strong>luerat,&#39;</strong></span> 
     </span>
     <span class='ocr_line' id='line_1_19' title="bbox 80 1741 1127 1824; baseline 0.003 -19"><span class='ocrx_word' id='word_1_165' title='bbox 80 1748 243 1807; x_wconf 78' lang='lat' dir='ltr'><strong>occideret:</strong></span> <span class='ocrx_word' id='word_1_166' title='bbox 264 1741 381 1805; x_wconf 78' lang='lat' dir='ltr'><strong>(lunatio</strong></span> <span class='ocrx_word' id='word_1_167' title='bbox 397 1746 525 1805; x_wconf 84' lang='lat' dir='ltr'><strong>vulneris</strong></span> <span class='ocrx_word' id='word_1_168' title='bbox 541 1747 659 1822; x_wconf 88' lang='lat' dir='ltr'><strong>gravior</strong></span> <span class='ocrx_word' id='word_1_169' title='bbox 674 1749 739 1824; x_wconf 89' lang='lat' dir='ltr'><strong>ipso</strong></span> <span class='ocrx_word' id='word_1_170' title='bbox 756 1746 877 1806; x_wconf 85' lang='lat' dir='ltr'><strong>uulnere</strong></span> <span class='ocrx_word' id='word_1_171' title='bbox 891 1747 953 1805; x_wconf 84' lang='lat' dir='ltr'><strong>luit.</strong></span> <span class='ocrx_word' id='word_1_172' title='bbox 1081 1754 1127 1808; x_wconf 82' lang='lat'><strong>13·</strong></span> 
     </span>
     <span class='ocr_line' id='line_1_20' title="bbox 149 1826 1101 1905; baseline -0.002 -16"><span class='ocrx_word' id='word_1_173' title='bbox 149 1832 197 1890; x_wconf 88' lang='grc'><strong>10.</strong></span> <span class='ocrx_word' id='word_1_174' title='bbox 221 1829 321 1905; x_wconf 86' lang='lat' dir='ltr'><strong>ltaque</strong></span> <span class='ocrx_word' id='word_1_175' title='bbox 345 1847 382 1887; x_wconf 83' lang='lat' dir='ltr'><strong>ex</strong></span> <span class='ocrx_word' id='word_1_176' title='bbox 404 1846 506 1905; x_wconf 88' lang='lat' dir='ltr'><strong>magna</strong></span> <span class='ocrx_word' id='word_1_177' title='bbox 520 1828 726 1905; x_wconf 83' lang='lat' dir='ltr'><strong>desperatione</strong></span> <span class='ocrx_word' id='word_1_178' title='bbox 747 1829 862 1888; x_wconf 89' lang='lat' dir='ltr'><strong>tandem</strong></span> <span class='ocrx_word' id='word_1_179' title='bbox 877 1829 961 1887; x_wconf 90' lang='lat' dir='ltr'><strong>saluti</strong></span> <span class='ocrx_word' id='word_1_180' title='bbox 978 1826 1101 1887; x_wconf 90' lang='lat' dir='ltr'><strong>reddi-1</strong></span> 
     </span>
     <span class='ocr_line' id='line_1_21' title="bbox 80 1910 1073 1991; baseline -0.008 -18"><span class='ocrx_word' id='word_1_181' title='bbox 80 1923 124 1986; x_wconf 84' lang='lat' dir='ltr'><strong>tus</strong></span> <span class='ocrx_word' id='word_1_182' title='bbox 154 1912 379 1991; x_wconf 73' lang='lat' dir='ltr'><strong>Polyperconta·</strong></span> <span class='ocrx_word' id='word_1_183' title='bbox 401 1930 464 1971; x_wconf 90' lang='lat' dir='ltr'><strong>cum</strong></span> <span class='ocrx_word' id='word_1_184' title='bbox 487 1912 618 1970; x_wconf 89' lang='lat' dir='ltr'><strong>exercitu</strong></span> <span class='ocrx_word' id='word_1_185' title='bbox 639 1910 788 1985; x_wconf 77' lang='lat' dir='ltr'><strong>Babylona</strong></span> <span class='ocrx_word' id='word_1_186' title='bbox 807 1912 906 1984; x_wconf 85' lang='lat' dir='ltr'><strong>mittit,</strong></span> <span class='ocrx_word' id='word_1_187' title='bbox 928 1913 993 1987; x_wconf 87' lang='lat' dir='ltr'><strong>ipse</strong></span> <span class='ocrx_word' id='word_1_188' title='bbox 1010 1925 1073 1966; x_wconf 86' lang='lat' dir='ltr'><strong>cunr</strong></span> 
     </span>
     <span class='ocr_line' id='line_1_22' title="bbox 78 1993 1071 2070; baseline -0.008 -14"><span class='ocrx_word' id='word_1_189' title='bbox 78 1997 234 2057; x_wconf 90' lang='lat' dir='ltr'><strong>lectissima</strong></span> <span class='ocrx_word' id='word_1_190' title='bbox 255 2013 339 2056; x_wconf 91' lang='lat' dir='ltr'><strong>manu</strong></span> <span class='ocrx_word' id='word_1_191' title='bbox 361 1996 482 2055; x_wconf 86' lang='lat' dir='ltr'><strong>navibus</strong></span> <span class='ocrx_word' id='word_1_192' title='bbox 505 1996 674 2054; x_wconf 89' lang='lat' dir='ltr'><strong>conscensis</strong></span> <span class='ocrx_word' id='word_1_193' title='bbox 698 1996 800 2054; x_wconf 90' lang='lat' dir='ltr'><strong>oceani</strong></span> <span class='ocrx_word' id='word_1_194' title='bbox 823 1993 908 2053; x_wconf 88' lang='lat' dir='ltr'><strong>litora</strong></span> <span class='ocrx_word' id='word_1_195' title='bbox 925 1998 1071 2070; x_wconf 81' lang='lat' dir='ltr'><strong>peragrat.</strong></span> 
     </span>
     <span class='ocr_line' id='line_1_23' title="bbox 36 2074 1100 2155; baseline -0.003 -17"><span class='ocrx_word' id='word_1_196' title='bbox 36 2104 41 2115; x_wconf 68' lang='lat'>¹</span> <span class='ocrx_word' id='word_1_197' title='bbox 81 2076 150 2138; x_wconf 81' lang='lat' dir='ltr'><strong>Cum</strong></span> <span class='ocrx_word' id='word_1_198' title='bbox 161 2078 292 2137; x_wconf 89' lang='lat' dir='ltr'><strong>venisset</strong></span> <span class='ocrx_word' id='word_1_199' title='bbox 307 2078 342 2137; x_wconf 91' lang='lat' dir='ltr'><strong>ad</strong></span> <span class='ocrx_word' id='word_1_200' title='bbox 360 2078 566 2139; x_wconf 81' lang='lat' dir='ltr'><strong>urbemsambi</strong></span> <span class='ocrx_word' id='word_1_201' title='bbox 581 2080 677 2153; x_wconf 86' lang='lat' dir='ltr'><strong>regis,</strong></span> <span class='ocrx_word' id='word_1_202' title='bbox 701 2076 837 2155; x_wconf 93' lang='lat' dir='ltr'><strong>oppidani</strong></span> <span class='ocrx_word' id='word_1_203' title='bbox 846 2077 978 2134; x_wconf 87' lang='lat' dir='ltr'><strong>invictum</strong></span> <span class='ocrx_word' id='word_1_204' title='bbox 993 2074 1100 2135; x_wconf 63' lang='lat' dir='ltr'><strong>lernou</strong></span> 
     </span>
     <span class='ocr_line' id='line_1_24' title="bbox 80 2156 1073 2238; baseline -0.01 -16"><span class='ocrx_word' id='word_1_205' title='bbox 80 2162 231 2223; x_wconf 83' lang='lat' dir='ltr'><strong>audientes</strong></span> <span class='ocrx_word' id='word_1_206' title='bbox 258 2161 377 2236; x_wconf 89' lang='lat' dir='ltr'><strong>sagittas</strong></span> <span class='ocrx_word' id='word_1_207' title='bbox 397 2177 513 2220; x_wconf 84' lang='lat' dir='ltr'><strong>veneno</strong></span> <span class='ocrx_word' id='word_1_208' title='bbox 533 2168 641 2219; x_wconf 88' lang='lat' dir='ltr'><strong>armant</strong></span> <span class='ocrx_word' id='word_1_209' title='bbox 661 2169 747 2238; x_wconf 87' lang='lat' dir='ltr'><strong>atquo</strong></span> <span class='ocrx_word' id='word_1_210' title='bbox 772 2160 810 2218; x_wconf 90' lang='lat' dir='ltr'><strong>ita</strong></span> <span class='ocrx_word' id='word_1_211' title='bbox 836 2159 951 2234; x_wconf 88' lang='lat' dir='ltr'><strong>gemino</strong></span> <span class='ocrx_word' id='word_1_212' title='bbox 972 2156 1073 2214; x_wconf 87' lang='lat' dir='ltr'><strong>mortis</strong></span> 
     </span>
     <span class='ocr_line' id='line_1_25' title="bbox 78 2239 1071 2320; baseline -0.009 -16"><span class='ocrx_word' id='word_1_213' title='bbox 78 2244 199 2304; x_wconf 83' lang='lat' dir='ltr'><strong>vulnere</strong></span> <span class='ocrx_word' id='word_1_214' title='bbox 223 2243 336 2303; x_wconf 85' lang='lat' dir='ltr'><strong>hostem</strong></span> <span class='ocrx_word' id='word_1_215' title='bbox 358 2261 374 2302; x_wconf 87' lang='lat' dir='ltr'><strong>a</strong></span> <span class='ocrx_word' id='word_1_216' title='bbox 394 2245 481 2303; x_wconf 91' lang='lat' dir='ltr'><strong>muris</strong></span> <span class='ocrx_word' id='word_1_217' title='bbox 504 2244 708 2309; x_wconf 81' lang='lat' dir='ltr'><strong>submoventes</strong></span> <span class='ocrx_word' id='word_1_218' title='bbox 730 2242 869 2320; x_wconf 89' lang='lat' dir='ltr'><strong>plurimos</strong></span> <span class='ocrx_word' id='word_1_219' title='bbox 890 2239 1071 2300; x_wconf 83' lang='lat' dir='ltr'><strong>interficiunt.</strong></span> 
     </span>
     <span class='ocr_line' id='line_1_26' title="bbox 80 2321 1102 2403; baseline -0.009 -16"><span class='ocrx_word' id='word_1_220' title='bbox 80 2326 150 2387; x_wconf 87' lang='lat' dir='ltr'><strong>Gunr</strong></span> <span class='ocrx_word' id='word_1_221' title='bbox 172 2324 248 2386; x_wconf 86' lang='lat' dir='ltr'><strong>inter</strong></span> <span class='ocrx_word' id='word_1_222' title='bbox 269 2326 375 2385; x_wconf 89' lang='lat' dir='ltr'><strong>multos</strong></span> <span class='ocrx_word' id='word_1_223' title='bbox 398 2326 565 2403; x_wconf 84' lang='lat' dir='ltr'><strong>vulneratus</strong></span> <span class='ocrx_word' id='word_1_224' title='bbox 585 2327 671 2385; x_wconf 88' lang='lat' dir='ltr'><strong>etiam</strong></span> <span class='ocrx_word' id='word_1_225' title='bbox 688 2324 873 2384; x_wconf 90' lang='lat' dir='ltr'><strong>Ptolemaeus</strong></span> <span class='ocrx_word' id='word_1_226' title='bbox 889 2331 969 2383; x_wconf 88' lang='lat' dir='ltr'><strong>esset</strong></span> <span class='ocrx_word' id='word_1_227' title='bbox 986 2321 1102 2391; x_wconf 66' lang='lat' dir='ltr'><strong>mori-3</strong></span> 
     </span>
     <span class='ocr_line' id='line_1_27' title="bbox 78 2404 1074 2491; baseline -0.007 -22"><span class='ocrx_word' id='word_1_228' title='bbox 78 2421 215 2488; x_wconf 85' lang='lat' dir='ltr'><strong>torusque</strong></span> <span class='ocrx_word' id='word_1_229' title='bbox 228 2412 407 2486; x_wconf 89' lang='lat' dir='ltr'><strong>iamiamque</strong></span> <span class='ocrx_word' id='word_1_230' title='bbox 418 2410 580 2484; x_wconf 83' lang='lat' dir='ltr'><strong>videretur,</strong></span> <span class='ocrx_word' id='word_1_231' title='bbox 596 2426 650 2486; x_wconf 91' lang='lat' dir='ltr'><strong>per</strong></span> <span class='ocrx_word' id='word_1_232' title='bbox 657 2411 784 2491; x_wconf 81' lang='lat' dir='ltr'><strong>¹quietern</strong></span> <span class='ocrx_word' id='word_1_233' title='bbox 799 2408 862 2484; x_wconf 88' lang='lat' dir='ltr'><strong>regi</strong></span> <span class='ocrx_word' id='word_1_234' title='bbox 877 2413 1033 2465; x_wconf 89' lang='lat' dir='ltr'><strong>monstrata</strong></span> <span class='ocrx_word' id='word_1_235' title='bbox 1045 2404 1074 2462; x_wconf 89' lang='lat' dir='ltr'><strong>iu</strong></span> 
     </span>
     <span class='ocr_line' id='line_1_28' title="bbox 79 2485 1073 2570; baseline -0.008 -18"><span class='ocrx_word' id='word_1_236' title='bbox 79 2494 205 2553; x_wconf 87' lang='lat' dir='ltr'><strong>remedia</strong></span> <span class='ocrx_word' id='word_1_237' title='bbox 221 2495 327 2553; x_wconf 85' lang='lat' dir='ltr'><strong>veneni</strong></span> <span class='ocrx_word' id='word_1_238' title='bbox 344 2492 434 2553; x_wconf 90' lang='lat' dir='ltr'><strong>herba</strong></span> <span class='ocrx_word' id='word_1_239' title='bbox 453 2502 512 2566; x_wconf 78' lang='lat' dir='ltr'><strong>est,</strong></span> <span class='ocrx_word' id='word_1_240' title='bbox 543 2492 597 2570; x_wconf 81' lang='lat' dir='ltr'><strong>qiua</strong></span> <span class='ocrx_word' id='word_1_241' title='bbox 613 2493 640 2549; x_wconf 95' lang='lat' dir='ltr'><strong>in</strong></span> <span class='ocrx_word' id='word_1_242' title='bbox 655 2500 724 2569; x_wconf 90' lang='lat' dir='ltr'><strong>potu</strong></span> <span class='ocrx_word' id='word_1_243' title='bbox 741 2485 862 2567; x_wconf 83' lang='lat' dir='ltr'><strong>accepta</strong></span> <span class='ocrx_word' id='word_1_244' title='bbox 884 2491 979 2563; x_wconf 86' lang='lat' dir='ltr'><strong>statim</strong></span> <span class='ocrx_word' id='word_1_245' title='bbox 996 2487 1073 2565; x_wconf 89' lang='lat' dir='ltr'><strong>peri·</strong></span> 
     </span>
     <span class='ocr_line' id='line_1_29' title="bbox 80 2572 1073 2655; baseline -0.007 -20"><span class='ocrx_word' id='word_1_246' title='bbox 80 2575 146 2635; x_wconf 87' lang='lat' dir='ltr'><strong>culo</strong></span> <span class='ocrx_word' id='word_1_247' title='bbox 162 2575 301 2655; x_wconf 90' lang='lat' dir='ltr'><strong>liberatus</strong></span> <span class='ocrx_word' id='word_1_248' title='bbox 314 2585 359 2634; x_wconf 90' lang='lat' dir='ltr'><strong>est</strong></span> <span class='ocrx_word' id='word_1_249' title='bbox 381 2577 529 2653; x_wconf 84' lang='lat' dir='ltr'><strong>maiorque</strong></span> <span class='ocrx_word' id='word_1_250' title='bbox 551 2591 620 2652; x_wconf 90' lang='lat' dir='ltr'><strong>pars</strong></span> <span class='ocrx_word' id='word_1_251' title='bbox 637 2574 783 2634; x_wconf 84' lang='lat' dir='ltr'><strong>exercitus</strong></span> <span class='ocrx_word' id='word_1_252' title='bbox 798 2574 855 2633; x_wconf 91' lang='lat' dir='ltr'><strong>boc</strong></span> <span class='ocrx_word' id='word_1_253' title='bbox 869 2572 999 2633; x_wconf 90' lang='lat' dir='ltr'><strong>remedio</strong></span> <span class='ocrx_word' id='word_1_254' title='bbox 1013 2588 1073 2629; x_wconf 91' lang='lat' dir='ltr'><strong>ser·</strong></span> 
     </span>
     <span class='ocr_line' id='line_1_30' title="bbox 61 2653 1102 2736; baseline -0.003 -19"><span class='ocrx_word' id='word_1_255' title='bbox 61 2667 154 2736; x_wconf 36' lang='lat' dir='ltr'><strong>‚vato</strong></span> <span class='ocrx_word' id='word_1_256' title='bbox 185 2657 356 2735; x_wconf 81' lang='lat' dir='ltr'><strong>Expugnata</strong></span> <span class='ocrx_word' id='word_1_257' title='bbox 374 2658 479 2718; x_wconf 90' lang='lat' dir='ltr'><strong>deinde</strong></span> <span class='ocrx_word' id='word_1_258' title='bbox 496 2657 568 2716; x_wconf 92' lang='lat' dir='ltr'><strong>urbe</strong></span> <span class='ocrx_word' id='word_1_259' title='bbox 583 2674 721 2717; x_wconf 87' lang='lat' dir='ltr'><strong>reversus</strong></span> <span class='ocrx_word' id='word_1_260' title='bbox 738 2658 766 2715; x_wconf 92' lang='lat' dir='ltr'><strong>in</strong></span> <span class='ocrx_word' id='word_1_261' title='bbox 782 2673 855 2714; x_wconf 87' lang='lat' dir='ltr'><strong>nare</strong></span> <span class='ocrx_word' id='word_1_262' title='bbox 873 2673 984 2715; x_wconf 90' lang='lat' dir='ltr'><strong>oceano</strong></span> <span class='ocrx_word' id='word_1_263' title='bbox 1002 2653 1102 2714; x_wconf 81' lang='lat' dir='ltr'><strong>liba-s</strong></span> 
     </span>
     <span class='ocr_line' id='line_1_31' title="bbox 78 2739 1100 2818; baseline -0.002 -19"><span class='ocrx_word' id='word_1_264' title='bbox 78 2748 175 2799; x_wconf 84' lang='lat' dir='ltr'><strong>menta</strong></span> <span class='ocrx_word' id='word_1_265' title='bbox 191 2739 282 2815; x_wconf 81' lang='lat' dir='ltr'><strong>dedis,</strong></span> <span class='ocrx_word' id='word_1_266' title='bbox 298 2757 470 2817; x_wconf 90' lang='lat' dir='ltr'><strong>prosperum</strong></span> <span class='ocrx_word' id='word_1_267' title='bbox 486 2742 515 2799; x_wconf 91' lang='lat' dir='ltr'><strong>in</strong></span> <span class='ocrx_word' id='word_1_268' title='bbox 532 2741 653 2818; x_wconf 88' lang='lat' dir='ltr'><strong>patriam</strong></span> <span class='ocrx_word' id='word_1_269' title='bbox 667 2740 789 2799; x_wconf 86' lang='lat' dir='ltr'><strong>reditum</strong></span> <span class='ocrx_word' id='word_1_270' title='bbox 806 2748 959 2817; x_wconf 84' lang='lat' dir='ltr'><strong>precatus:</strong></span> <span class='ocrx_word' id='word_1_271' title='bbox 973 2752 1007 2794; x_wconf 88' lang='lat' dir='ltr'><strong>ac</strong></span> <span class='ocrx_word' id='word_1_272' title='bbox 1021 2746 1100 2797; x_wconf 83' lang='lat' dir='ltr'><strong>ve·5</strong></span> 
     </span>
     <span class='ocr_line' id='line_1_32' title="bbox 78 2818 1074 2902; baseline -0.009 -20"><span class='ocrx_word' id='word_1_273' title='bbox 78 2824 131 2882; x_wconf 91' lang='lat' dir='ltr'><strong>luti</strong></span> <span class='ocrx_word' id='word_1_274' title='bbox 149 2840 233 2881; x_wconf 88' lang='lat' dir='ltr'><strong>curru</strong></span> <span class='ocrx_word' id='word_1_275' title='bbox 251 2824 546 2898; x_wconf 74' lang='lat' dir='ltr'><strong>circumclamata,</strong></span> <span class='ocrx_word' id='word_1_276' title='bbox 565 2824 668 2901; x_wconf 91' lang='lat' dir='ltr'><strong>positis</strong></span> <span class='ocrx_word' id='word_1_277' title='bbox 684 2822 797 2902; x_wconf 87' lang='lat' dir='ltr'><strong>imperii</strong></span> <span class='ocrx_word' id='word_1_278' title='bbox 811 2818 956 2890; x_wconf 80' lang='lat' dir='ltr'><strong>terminis,</strong></span> <span class='ocrx_word' id='word_1_279' title='bbox 974 2825 1074 2893; x_wconf 83' lang='lat' dir='ltr'><strong>quate·</strong></span> 
     </span>
     <span class='ocr_line' id='line_1_33' title="bbox 79 2905 1119 2984; baseline -0.011 -20"><span class='ocrx_word' id='word_1_280' title='bbox 79 2924 131 2964; x_wconf 91' lang='lat' dir='ltr'><strong>nus</strong></span> <span class='ocrx_word' id='word_1_281' title='bbox 152 2914 200 2964; x_wconf 91' lang='lat' dir='ltr'><strong>aut</strong></span> <span class='ocrx_word' id='word_1_282' title='bbox 220 2914 359 2965; x_wconf 85' lang='lat' dir='ltr'><strong>terrarum</strong></span> <span class='ocrx_word' id='word_1_283' title='bbox 382 2905 551 2964; x_wconf 89' lang='lat' dir='ltr'><strong>solitudines</strong></span> <span class='ocrx_word' id='word_1_284' title='bbox 574 2907 693 2984; x_wconf 90' lang='lat' dir='ltr'><strong>prodire</strong></span> <span class='ocrx_word' id='word_1_285' title='bbox 710 2922 821 2984; x_wconf 89' lang='lat' dir='ltr'><strong>passae</strong></span> <span class='ocrx_word' id='word_1_286' title='bbox 845 2912 909 2962; x_wconf 91' lang='lat' dir='ltr'><strong>sunt</strong></span> <span class='ocrx_word' id='word_1_287' title='bbox 929 2908 976 2959; x_wconf 87' lang='lat' dir='ltr'><strong>aut</strong></span> <span class='ocrx_word' id='word_1_288' title='bbox 996 2914 1074 2955; x_wconf 89' lang='lat' dir='ltr'><strong>mare</strong></span> <span class='ocrx_word' id='word_1_289' title='bbox 1116 2972 1119 2979; x_wconf 25' lang='grc' dir='ltr'>Ι</span> 
     </span>
     <span class='ocr_line' id='line_1_34' title="bbox 56 2980 1073 3065; baseline -0.012 -17"><span class='ocrx_word' id='word_1_290' title='bbox 56 3012 58 3015; x_wconf 62' lang='grc'>’</span> <span class='ocrx_word' id='word_1_291' title='bbox 78 2989 242 3065; x_wconf 82' lang='lat' dir='ltr'><strong>navigabile</strong></span> <span class='ocrx_word' id='word_1_292' title='bbox 259 2989 328 3064; x_wconf 82' lang='lat' dir='ltr'><strong>ruit,</strong></span> <span class='ocrx_word' id='word_1_293' title='bbox 351 2988 481 3050; x_wconf 88' lang='lat' dir='ltr'><strong>secundo</strong></span> <span class='ocrx_word' id='word_1_294' title='bbox 501 2998 582 3048; x_wconf 87' lang='lat' dir='ltr'><strong>aestu</strong></span> <span class='ocrx_word' id='word_1_295' title='bbox 604 2990 680 3049; x_wconf 89' lang='lat' dir='ltr'><strong>ostio</strong></span> <span class='ocrx_word' id='word_1_296' title='bbox 696 2987 825 3047; x_wconf 83' lang='lat' dir='ltr'><strong>dominis</strong></span> <span class='ocrx_word' id='word_1_297' title='bbox 839 2984 900 3045; x_wconf 91' lang='lat' dir='ltr'><strong>ludi</strong></span> <span class='ocrx_word' id='word_1_298' title='bbox 922 2980 1073 3040; x_wconf 84' lang='lat' dir='ltr'><strong>inuehitur.</strong></span> 
     </span>
     <span class='ocr_line' id='line_1_35' title="bbox 78 3070 1103 3149; baseline -0.005 -19"><span class='ocrx_word' id='word_1_299' title='bbox 78 3071 122 3131; x_wconf 89' lang='lat' dir='ltr'><strong>lbi</strong></span> <span class='ocrx_word' id='word_1_300' title='bbox 137 3075 166 3130; x_wconf 90' lang='lat' dir='ltr'><strong>in</strong></span> <span class='ocrx_word' id='word_1_301' title='bbox 180 3081 361 3133; x_wconf 87' lang='lat' dir='ltr'><strong>monumenta</strong></span> <span class='ocrx_word' id='word_1_302' title='bbox 376 3090 392 3133; x_wconf 92' lang='lat' dir='ltr'><strong>a</strong></span> <span class='ocrx_word' id='word_1_303' title='bbox 408 3091 440 3131; x_wconf 89' lang='lat' dir='ltr'><strong>se</strong></span> <span class='ocrx_word' id='word_1_304' title='bbox 456 3080 712 3149; x_wconf 82' lang='lat' dir='ltr'><strong>rerumgestarum</strong></span> <span class='ocrx_word' id='word_1_305' title='bbox 728 3070 828 3130; x_wconf 90' lang='lat' dir='ltr'><strong>urbem</strong></span> <span class='ocrx_word' id='word_1_306' title='bbox 847 3076 875 3126; x_wconf 89' lang='lat' dir='ltr'><strong>et</strong></span> <span class='ocrx_word' id='word_1_307' title='bbox 892 3080 988 3125; x_wconf 89' lang='lat' dir='ltr'><strong>arcem</strong></span> <span class='ocrx_word' id='word_1_308' title='bbox 1006 3078 1072 3121; x_wconf 87' lang='lat' dir='ltr'><strong>con·</strong></span> <span class='ocrx_word' id='word_1_309' title='bbox 1085 3070 1103 3125; x_wconf 85' lang='lat'><strong>6</strong></span> 
     </span>
     <span class='ocr_line' id='line_1_36' title="bbox 79 3144 1075 3233; baseline -0.012 -20"><span class='ocrx_word' id='word_1_310' title='bbox 79 3155 149 3214; x_wconf 91' lang='lat' dir='ltr'><strong>didit</strong></span> <span class='ocrx_word' id='word_1_311' title='bbox 170 3174 293 3233; x_wconf 88' lang='lat' dir='ltr'><strong>arasque</strong></span> <span class='ocrx_word' id='word_1_312' title='bbox 309 3158 404 3216; x_wconf 88' lang='lat' dir='ltr'><strong>statuit</strong></span> <span class='ocrx_word' id='word_1_313' title='bbox 423 3156 528 3215; x_wconf 89' lang='lat' dir='ltr'><strong>relicto</strong></span> <span class='ocrx_word' id='word_1_314' title='bbox 545 3174 583 3214; x_wconf 87' lang='lat' dir='ltr'><strong>ex</strong></span> <span class='ocrx_word' id='word_1_315' title='bbox 603 3171 722 3214; x_wconf 88' lang='lat' dir='ltr'><strong>numero</strong></span> <span class='ocrx_word' id='word_1_316' title='bbox 738 3155 894 3212; x_wconf 91' lang='lat' dir='ltr'><strong>amicornm</strong></span> <span class='ocrx_word' id='word_1_317' title='bbox 913 3144 1075 3206; x_wconf 90' lang='lat' dir='ltr'><strong>litoralibus</strong></span> 
     </span>
     <span class='ocr_line' id='line_1_37' title="bbox 78 3226 1101 3317; baseline -0.006 -22"><span class='ocrx_word' id='word_1_318' title='bbox 78 3235 155 3298; x_wconf 89' lang='lat' dir='ltr'><strong>ludis</strong></span> <span class='ocrx_word' id='word_1_319' title='bbox 171 3240 333 3317; x_wconf 82' lang='lat' dir='ltr'><strong>praefecto.</strong></span> <span class='ocrx_word' id='word_1_320' title='bbox 352 3238 420 3299; x_wconf 89' lang='lat' dir='ltr'><strong>lude</strong></span> <span class='ocrx_word' id='word_1_321' title='bbox 436 3241 493 3298; x_wconf 92' lang='lat' dir='ltr'><strong>iter</strong></span> <span class='ocrx_word' id='word_1_322' title='bbox 510 3247 651 3297; x_wconf 88' lang='lat' dir='ltr'><strong>terrestre</strong></span> <span class='ocrx_word' id='word_1_323' title='bbox 665 3237 811 3312; x_wconf 78' lang='lat' dir='ltr'><strong>facturus,</strong></span> <span class='ocrx_word' id='word_1_324' title='bbox 835 3251 899 3293; x_wconf 86' lang='lat' dir='ltr'><strong>cum</strong></span> <span class='ocrx_word' id='word_1_325' title='bbox 914 3230 994 3290; x_wconf 91' lang='lat' dir='ltr'><strong>arida</strong></span> <span class='ocrx_word' id='word_1_326' title='bbox 1006 3226 1101 3289; x_wconf 77' lang='lat' dir='ltr'><strong>locat</strong></span> 
     </span>
     <span class='ocr_line' id='line_1_38' title="bbox 78 3313 1076 3399; baseline -0.014 -19"><span class='ocrx_word' id='word_1_327' title='bbox 78 3320 165 3394; x_wconf 78' lang='lat' dir='ltr'><strong>medii</strong></span> <span class='ocrx_word' id='word_1_328' title='bbox 181 3323 290 3382; x_wconf 90' lang='lat' dir='ltr'><strong>itineris</strong></span> <span class='ocrx_word' id='word_1_329' title='bbox 305 3321 488 3396; x_wconf 78' lang='lat' dir='ltr'><strong>dicerentur,</strong></span> <span class='ocrx_word' id='word_1_330' title='bbox 511 3328 618 3399; x_wconf 90' lang='lat' dir='ltr'><strong>puteos</strong></span> <span class='ocrx_word' id='word_1_331' title='bbox 639 3320 810 3399; x_wconf 90' lang='lat' dir='ltr'><strong>opportunis</strong></span> <span class='ocrx_word' id='word_1_332' title='bbox 823 3318 897 3377; x_wconf 89' lang='lat' dir='ltr'><strong>locis</strong></span> <span class='ocrx_word' id='word_1_333' title='bbox 913 3313 978 3373; x_wconf 86' lang='lat' dir='ltr'><strong>lieri</strong></span> <span class='ocrx_word' id='word_1_334' title='bbox 992 3326 1076 3388; x_wconf 89' lang='lat' dir='ltr'><strong>prae·</strong></span> 
     </span>
     <span class='ocr_line' id='line_1_39' title="bbox 78 3392 1077 3487; baseline -0.01 -25"><span class='ocrx_word' id='word_1_335' title='bbox 78 3406 174 3482; x_wconf 85' lang='lat' dir='ltr'><strong>cepit,</strong></span> <span class='ocrx_word' id='word_1_336' title='bbox 203 3404 307 3483; x_wconf 86' lang='lat' dir='ltr'><strong>quibus</strong></span> <span class='ocrx_word' id='word_1_337' title='bbox 338 3405 446 3483; x_wconf 84' lang='lat' dir='ltr'><strong>ingenti</strong></span> <span class='ocrx_word' id='word_1_338' title='bbox 476 3403 554 3463; x_wconf 90' lang='lat' dir='ltr'><strong>dulci</strong></span> <span class='ocrx_word' id='word_1_339' title='bbox 583 3421 658 3480; x_wconf 82' lang='lat' dir='ltr'><strong>aqua</strong></span> <span class='ocrx_word' id='word_1_340' title='bbox 681 3405 797 3461; x_wconf 79' lang='lat' dir='ltr'><strong>inuenta</strong></span> <span class='ocrx_word' id='word_1_341' title='bbox 821 3398 971 3479; x_wconf 78' lang='lat' dir='ltr'><strong>Babylona</strong></span> <span class='ocrx_word' id='word_1_342' title='bbox 990 3392 1077 3487; x_wconf 73' lang='lat' dir='ltr'><strong>redite</strong></span> 
     </span>
    </p>
   </div>
   <div class='ocr_carea' id='block_1_4' title="bbox 0 0 1226 3975">
    <p class='ocr_par' dir='ltr' id='par_1_4' title="bbox 0 0 1226 3975">
     <span class='ocr_line' id='line_1_40' title="bbox 0 0 1226 3975; baseline 0 0"><span class='ocrx_word' id='word_1_343' title='bbox 0 0 1226 3975; x_wconf 95' lang='lat' dir='ltr'><strong> </strong></span> 
     </span>
    </p>
   </div>
  </div>
 </body>
</html>
