2442 3975
132 199 193 262 102
499 211 607 262 ursocr
623 213 754 261 Pomenr
942 208 1133 266 xtvc.xv1

131 366 237 426 sundro
258 366 338 424 missi
365 376 448 443 sunt,
482 370 529 446 qni
556 385 619 427 eam
636 368 844 444 confoderent,
864 386 922 428 non
936 370 1132 446 refugientem

131 450 256 527 gladium
272 467 326 508 nec
341 450 462 511 vulnera
479 461 526 510 aut
540 450 720 511 muliebriter
735 452 963 528 vociferantem,
987 454 1039 512 sed
1055 457 1131 514 viro·

130 551 192 593 rum
221 534 343 596 fortium
356 551 438 593 more
454 552 508 612 pro
536 535 630 612 gloria
651 536 761 594 veteris
782 538 938 614 prosapiae
958 537 1042 596 morti
1066 557 1131 598 suc·

132 616 329 692 cumbentem,
350 627 380 676 ut
396 617 593 678 Alexandrum
611 635 716 697 posses
734 622 818 678 etiam
835 621 863 679 iu
876 622 1019 680 moriente
1040 631 1130 680 matre
1154 635 1157 642 ·

89 712 123 764 12
135 717 328 776 cognoscere.
368 699 537 779 compsisse
554 703 674 780 insuper
693 704 828 780 expirans
853 704 976 781 capillos
998 712 1027 762 et
1047 714 1131 764 veste

123 802 215 843 -orura
238 786 405 844 contexisse
433 786 541 860 fertur,
572 804 607 843 ne
633 787 700 862 quid
729 794 832 863 posset
856 788 885 845 in
914 804 1041 865 corpore
1069 790 1130 847 eius

89 878 124 932 13
134 868 302 927 indecorum
318 868 421 928 videri.
463 868 532 928 Post
549 868 624 930 haec
640 868 804 930 Cassander
817 869 1062 946 Thessalonicen,
1084 889 1130 930 re·

132 953 176 1027 gis
193 949 312 1011 Aridaei
333 951 435 1027 liliam,
457 946 577 1011 uxorem
594 953 687 1019 duxit;
710 953 797 1012 lilium
811 955 971 1014 Alexandri
989 972 1053 1013 cum
1073 973 1130 1015 ma·

132 1043 176 1093 tre
194 1034 222 1091 iu
238 1052 336 1094 arcem
352 1036 618 1113 Amphipolitanam
634 1037 842 1097 custodiendos
860 1040 954 1099 mittit.

532 1292 719 1302 ——.-.-—-

447 1489 667 1607 creua
713 1522 797 1607 xv.

111 1780 125 1829 1
193 1771 218 1828 i.
250 1735 399 1829 Perdicca
426 1778 455 1829 et
475 1770 565 1831 fratre
585 1770 663 1846 eius,
686 1769 816 1828 Eumene
850 1791 884 1832 ac
914 1772 1130 1850 Polyperconte

132 1855 298 1932 ceterisque
315 1852 435 1912 ducibus
458 1853 591 1915 diversae
614 1855 703 1931 partis
724 1854 831 1912 occisis
854 1854 961 1920 linitum
984 1865 1131 1916 certamen
1184 1883 1192 1890 ‘

131 1938 206 1997 inter
229 1954 421 1997 successores
435 1936 594 1999 Alexandri
616 1938 712 2014 magni
728 1931 902 2014 videbatur,
928 1955 990 1997 oum
1008 1946 1130 2017 repente

103 2022 205 2084 tinter
223 2023 304 2100 ipsos
297 2008 447 2080 victores
463 2031 528 2081 nata
546 2021 692 2083 discordia
705 2030 765 2079 est:
789 2022 898 2099 quippe
916 2021 1130 2120 postulantibus

28 2168 31 2176 ,
131 2104 301 2165 Ptolemaeo
317 2113 346 2164 et
363 2102 527 2164 Cassandro
549 2116 578 2165 et
595 2105 767 2180 Lysimacho
794 2113 824 2163 ut
839 2105 962 2181 pecunia
977 2107 1006 2164 in
1020 2106 1131 2203 praeda

108 2197 216 2288 capta
233 2189 461 2266 provinciaeque
482 2190 693 2265 dividerentur,
713 2187 876 2264 Antigonus
897 2190 1016 2286 negavit
1043 2208 1076 2249 se
1101 2191 1130 2246 in

133 2275 194 2330 eius
221 2271 291 2331 belli
309 2274 438 2350 praemia
463 2275 562 2332 socios
589 2272 792 2346 admissurum,
818 2273 847 2330 in
868 2274 949 2332 cuius
970 2273 1130 2350 periculum

104 2355 212 2420 3solus
234 2355 434 2428 descenderit;
456 2366 485 2415 et
506 2348 536 2416 ut
555 2355 709 2416 honestum
733 2355 874 2415 adversus
896 2356 996 2414 socios
1020 2355 1130 2415 bellum

132 2439 284 2516 suscipere
306 2402 472 2514 viderctlrr,
495 2440 625 2515 divulgat
642 2458 675 2499 se
691 2438 869 2516 Olympiadis
889 2447 1009 2504 mortem
1025 2456 1041 2497 a
1058 2436 1128 2498 Gas-

133 2522 237 2581 saudro
254 2523 426 2583 interiectae
440 2485 544 2582 ulcisci
560 2524 640 2582 velle
663 2532 692 2582 et
707 2521 866 2581 Alexandri
882 2522 962 2595 regis
980 2522 1024 2579 sui
1041 2521 1129 2580 hlium

105 2616 199 2668 tcum
219 2615 311 2666 matre
332 2606 485 2666 obsidione
501 2606 737 2684 Amphipolitana
749 2605 885 2664 liberare.
930 2602 981 2665 His
1003 2606 1128 2682 cognitis

131 2688 315 2749 Ptolemaeus
339 2699 368 2749 et
392 2688 556 2749 Cassander
579 2692 647 2750 inita
674 2708 738 2749 oum
759 2687 929 2763 Lysimacho
951 2698 981 2748 et
1001 2689 1128 2748 Seleuco

105 2775 276 2837 5socictate
302 2773 409 2833 bellurn
435 2783 512 2833 terra
534 2776 665 2851 marique
689 2773 773 2832 enixe
800 2775 951 2832 instruunt.
998 2772 1130 2832 Tenebat

130 2856 316 2916 Ptolemaeus
335 2857 501 2934 Aegyptum
522 2876 586 2916 cum
600 2857 722 2916 Africae
746 2866 828 2934 parte
850 2857 960 2916 maiore
980 2865 1009 2915 et
1029 2853 1128 2933 Cypro

131 2948 160 2998 et
180 2940 338 3000 Phoenice
383 2939 547 3001 Cassandro
571 2940 694 3020 parebat
714 2939 885 2999 Macedonia
909 2958 972 2999 eum
997 2938 1128 2998 Graecia.

102 3022 229 3086 6Asiam
245 3033 274 3083 et
292 3033 391 3102 partes
412 3027 531 3084 orientis
547 3032 747 3104 occupaverat
758 3023 939 3099 Antigonus,
956 3023 1038 3082 cuius
1053 3021 1129 3080 lilius

74 3173 80 3180 ¹
129 3104 294 3167 Demetrius
316 3109 407 3186 prima
428 3108 498 3167 belli
523 3111 734 3205 congressione
757 3106 958 3167 aPtolemaec
982 3106 1058 3183 apud
1075 3102 1129 3164 Ga·

99 3197 116 3251 7
129 3191 232 3250 malam
246 3192 378 3250 vincitur.
423 3192 455 3251 ln
468 3209 524 3269 quo
542 3192 658 3270 proelio
673 3192 764 3250 maior
779 3190 940 3249 Ptolemaei
954 3188 1128 3249 moderatio·

101 3274 174 3336 ants
196 3275 291 3350 gloria
313 3292 396 3351 quam
419 3277 510 3353 ipsius
532 3278 674 3334 victoriae
697 3274 764 3333 fuit:
771 3266 939 3351 siquidem
965 3282 994 3332 et
1020 3272 1131 3331 amicos

129 3354 270 3415 Demetrii
286 3374 344 3416 non
359 3357 453 3417 solum
469 3377 533 3418 oum
550 3360 609 3417 suis
626 3358 730 3431 rebus,
754 3375 854 3416 verum
870 3357 955 3416 etlam
970 3355 1097 3414 additis'
1088 3371 1130 3413 rn-

130 3454 219 3514 super
234 3439 401 3499 muneribus
423 3441 544 3516 dimisit,
566 3451 595 3500 et
610 3442 702 3518 ipsius
720 3438 862 3499 Demetrii
885 3442 1028 3517 privatum
1046 3453 1132 3498 omne
