2442 3975
485 167 696 218 1111111110.
1050 171 1101 218 111
1191 227 1196 238 ,

80 325 243 402 Aenianum
262 330 291 383 ct
306 320 531 393 Thessalorum,
553 324 672 388 XXVI
691 327 751 393 1,4
774 324 930 402 Epiacum,
953 325 1105 386 XXXVI

83 408 154 476 at
182 409 378 476 incrustatur,
410 407 558 468 XXXXI
584 406 614 477 2,
637 406 657 466 2
683 409 918 487 praepositorum
947 411 1098 470 adnotavi.

81 492 236 552 Accedunt
255 492 460 552 additamento
480 493 530 552 bic
556 492 620 551 illic
643 510 660 551 e
680 494 753 552 iocis
774 496 877 552 uicinis
898 494 1099 568 similibusque

80 578 252 650 desumpta,
274 565 393 635 uelut'I
397 577 424 635 V
443 576 505 644 1,5
528 575 598 636 inde
620 576 746 654 denique
766 576 876 636 Aetnae
894 577 1032 636 -durat
1053 578 1097 637 in-
1208 637 1210 640 .

67 656 233 734 'candian
261 659 317 718 XI
341 656 388 727 13,
410 656 431 718 9
459 664 489 718 et
516 657 659 739 [tantum]
687 660 836 736 sanguinis
863 660 961 734 ibique
984 663 1097 740 adnot„

80 742 231 801 XXXXI
235 745 264 803 V
283 743 310 811 1,
326 743 345 802 5
365 740 482 820 oleique
503 741 573 822 [noc
589 742 661 801 iorni
679 742 775 802 solum
792 744 914 802 materia
928 745 1096 821 praecipua,

80 824 146 904 sed]
164 832 193 885 et
207 842 360 904 equorum.
394 826 456 885 Nec
470 827 576 886 desunt
592 828 778 886 omissionum
792 831 940 903 exempta.
969 828 1016 900 Cf.
1029 828 1102 887 XII

81 905 110 977 8,
128 910 166 969 10
189 908 314 969 ducenta
328 907 406 968 milia
425 907 705 988 [peditum„viginti
722 908 814 989 milia]
832 912 978 990 equitum,
997 911 1102 971 XVII

81 991 143 1060 2,1
168 1011 226 1051 non
255 991 449 1073 [in]strenue,
478 994 596 1054 XXVI
613 993 643 1061 2,
670 992 708 1051 12
735 1012 814 1053 nunc
843 992 943 1055 exules
966 992 1095 1074 [exules]

80 1093 174 1147 nunc,
197 1078 329 1137 XXXV
346 1076 409 1145 1,6
430 1076 594 1138 subornant
615 1076 768 1154 propalam
785 1076 915 1157 [Balatu]
937 1078 1095 1155 quendam.

80 1159 180 1219 Etiam
193 1161 311 1220 XXIV
322 1159 351 1228 8,
370 1160 409 1221 16
430 1160 536 1221 fiducia
550 1161 657 1220 virium
675 1162 761 1220 ctiam
780 1161 922 1221 adversus
939 1162 1010 1221 deos
1026 1179 1096 1221 con·

80 1242 220 1302 tendebat
246 1246 306 1303 inm
333 1247 365 1303 in
388 1246 490 1305 codice
515 1247 685 1325 principaii
711 1250 822 1306 lacuna
844 1245 942 1319 fuisse
970 1247 1096 1305 uidetur.

80 1327 157 1385 Num
183 1345 251 1387 cum
274 1331 458 1403 praepositio
486 1328 627 1388 adversus
651 1332 682 1387 in
705 1330 759 1389 An
784 1331 853 1388 sine
869 1333 932 1389 ullu
953 1346 1096 1405 compen—

79 1413 193 1470 satione
213 1413 302 1480 desit,
323 1414 417 1471 ceteri
434 1415 505 1482 eius·
517 1413 660 1471 damnum
675 1415 717 1471 itu
730 1416 913 1485 resarciunt,
932 1421 965 1473 ut
974 1413 1008 1476 ‚B
1026 1409 1097 1493 (om.

79 1494 182 1575 etiarn)
194 1495 256 1554 etC
268 1501 370 1554 contra
382 1495 453 1555 deos
468 1494 673 1564 contendebat,
691 1497 782 1555 EFM
792 1496 863 1556 deos
879 1496 1095 1562 contemnebat,

78 1577 195 1637 Lucos
217 1578 344 1655 spoliare
365 1572 581 1639 contendebant
602 1584 788 1655 scripserint.
826 1580 905 1651 Quid
916 1584 947 1639 in
964 1582 987 1639 G
1004 1595 1096 1639 munu

51 1657 178 1735 'primu
209 1662 308 1734 fucrit
339 1666 501 1723 nescimus:
543 1681 583 1724 ea
615 1671 789 1724 correctura
822 1663 894 1724 deos
927 1671 1095 1723 contemne·

78 1743 150 1803 bant
177 1746 290 1810 babet,

162 1830 200 1888 In
220 1831 279 1889 buc
298 1830 489 1889 similitudine
514 1832 556 1889 itu
577 1839 675 1890 tumen
696 1833 774 1891 inter
795 1848 827 1891 se
849 1832 1036 1906 discrepant,
1066 1838 1098 1890 ut
1123 1874 1131 1888 .

78 1914 109 1971 in
131 1913 190 1973 duo
208 1930 321 1986 uenero
344 1914 439 1973 diuidi
458 1913 591 1974 debeant.
642 1914 737 1973 Unum
761 1932 856 1987 oenus
876 1922 921 1974 est
938 1917 1097 1974 lacunosu-

76 2014 145 2066 rum
158 1997 342 2076 (ABCGM),
357 2002 410 2072 qui
421 2001 614 2075 neoliqenter,
631 2001 757 2058 alterum
768 2001 936 2072 pleniorum
949 1994 1095 2078 (ΒΕΓΖ),

77 2084 130 2154 qui
146 2083 317 2155 ditiumtius
331 2080 372 2141 in
385 2083 546 2157 archetypo
561 2083 707 2157 (inscripti
720 2090 797 2142 sunt.
834 2081 998 2158 Lucanus,
1010 2097 1096 2159 quae,

76 2181 144 2223 cum
166 2168 198 2224 in
220 2166 367 2224 ABCGM
384 2172 438 2225 unt
454 2183 489 2225 re
509 2183 581 2225 uero
606 2172 783 2243 extentam
799 2171 906 2224 extare
926 2167 1007 2224 uisne
1028 2168 1096 2243 sint,

77 2251 108 2306 in
128 2249 236 2308 DEFL
258 2252 424 2325 explentur,
453 2252 496 2309 ita
517 2249 663 2323 afferam,
691 2256 724 2309 nt
742 2250 847 2322 uerbo,
874 2266 953 2337 quoe
979 2252 1010 2308 in
1038 2252 1098 2310 illis

76 2333 197 2409 desunt,
222 2336 339 2393 numnis
364 2334 526 2392 incinctam.
572 2334 618 2411 Ac
637 2336 769 2408 primum
794 2334 913 2409 ‘quidem
936 2336 1095 2408 permulta,

76 2433 154 2489 quae
175 2420 207 2475 in
229 2417 377 2478 Ancum
393 2433 452 2476 non
473 2420 672 2489 inueniuntur,
696 2434 755 2492 per
776 2418 968 2476 librariorum
990 2434 1096 2483 socor-

78 2501 159 2558 diam
180 2502 376 2575 occiduunt,
398 2504 451 2575 qui
460 2508 588 2575 propter
610 2504 819 2575 aequalitatem
840 2502 1096 2559 similitudinemue

77 2583 205 2644 duorum
226 2586 381 2645 uerborum
395 2591 449 2644 out
460 2583 644 2659 syllabarum
659 2578 834 2644 oberrantes
848 2587 1002 2644 interiectu
1018 2588 1095 2643 omi-

76 2678 188 2727 serunt.
235 2669 282 2741 Cf.
305 2670 360 2728 IV
378 2669 404 2736 t,
426 2668 464 2727 15
487 2686 542 2747 per
564 2669 741 2745 spiramenta
763 2667 875 2747 [torrae
897 2667 1018 2747 diffusus
1040 2684 1094 2726 nu·

4 2772 5 2775 ¹
81 2748 233 2829 trimonta]
251 2752 327 2827 ignis
379 2752 425 2811 VI
435 2751 464 2819 4,
483 2754 521 2812 to
545 2751 652 2811 nulbus
668 2750 816 2830 [alterius]
832 2751 969 2812 fiduciam
1019 2750 1100 2810 VIII

81 2836 106 2902 1,
127 2834 146 2894 8
171 2853 240 2894 cum
263 2837 341 2910 agris
364 2832 494 2914 [liberis]
517 2834 750 2911 coniugibusque
786 2836 867 2894 ¹XII
890 2834 937 2901 lb,
962 2835 980 2894 3
1002 2850 1096 2908 regna

77 2919 168 2995 patris
194 2917 321 2997 [fratris]
351 2918 448 2978 mariti
498 2916 538 2977 ‘X
543 2920 570 2980 V
597 2918 665 2987 1‚9
693 2923 816 2994 propter
846 2917 1016 2998 [praedam
1044 2916 1096 2975 scd

77 3001 213 3081 propter]
234 3002 404 3078 dignitatem
454 3002 578 3062 ‘XVIII
597 3001 660 3070 3,i
685 3001 840 3069 invadunt,
865 3000 1019 3080 [coniuges
1042 2998 1094 3058 du·

77 3085 169 3165 cunt]
182 3093 212 3146 et
266 3087 384 3148 XVIII
405 3087 435 3154 5,
459 3084 496 3145 17
519 3084 763 3146 concurrentibus
785 3082 948 3164 [gentibus]
971 3083 1053 3142 brevi

76 3171 180 3230 XXII
200 3169 228 3239 2,
251 3175 270 3229 4
296 3170 392 3230 mittit.
430 3166 500 3250 [lta]
523 3187 582 3228 uno
636 3169 758 3228 XXIII
779 3171 806 3238 1,
833 3169 909 3241 171
932 3166 1028 3226 Sicilia
1051 3165 1073 3246 [‘

76 3251 204 3332 ltaliam]
220 3255 336 3314 traiecit
386 3254 474 3314 XXI
478 3254 506 3314 V
521 3251 550 3320 6,
566 3253 584 3312 6
606 3254 637 3312 in
652 3270 727 3333 rupe
748 3251 890 3332 [undiquc
908 3250 1095 3330 impendente

79 3370 114 3380 -
130 3326 304 3417 maiestatis]
320 3336 450 3415 undiquc
488 3336 643 3397 XXVIII
656 3337 712 3404 27
731 3351 783 3395 sua
795 3334 978 3393 defendenda
995 3334 1097 3413 [quam

77 3419 171 3481 aliena
191 3420 381 3501 appetenda}
403 3419 483 3489 Quos
529 3420 666 3479 XXXII
680 3418 708 3487 2,
725 3418 744 3478 7
764 3418 983 3477 obtrectationis
1001 3416 1095 3495 [com-

78 3507 256 3582 1111111-
276 3511 347 3567 uota
372 3501 578 3583 absolutionis]
606 3519 695 3587 cansa
752 3501 976 3583 ΧΧΧ113,3
1002 3504 1097 3556 morte
