2442 3975
157 239 218 302 162
293 319 298 328 Ι
394 321 397 326 ⁴
523 202 792 297 rnooreournr
980 240 1141 295 xxxa-4

152 413 309 481 tentusque
320 420 440 479 regnum
450 401 588 478 Aegypti,
602 401 700 497 qnod
691 419 746 459 ram
757 399 919 478 Philippum
930 409 959 459 et
967 400 1140 465 Antiochum

153 489 230 548 lacta
246 489 321 546 inter
337 505 369 545 se
387 486 523 562 pactione
539 483 673 543 divisisse
687 482 830 542 dicebant.

125 583 141 634 1
218 569 247 630 3.
272 568 357 628 Grata
372 568 480 643 legatio
495 567 632 626 Romanis
647 567 699 625 luit
714 582 818 625 causas
833 565 904 624 belli
919 567 1058 626 adversus
1075 568 1139 628 Phi·

153 654 262 732 lippum
277 650 498 728 quaerentibus,
517 650 565 727 qui
582 650 730 708 insidiatus
753 647 931 725 temporibus
947 649 1018 709 belli
1040 650 1139 710 Punici

126 737 259 797 aluerat.
291 732 353 793 lluc
369 732 544 807 accedebat,
562 732 640 810 quod
659 731 765 790 Poenis
783 740 812 790 et
831 731 975 791 Annibale
996 735 1139 811 superatis

152 818 258 878 nullius
271 819 363 892 magis
380 834 457 875 arma
472 815 653 887 metuebant,
670 814 868 911 reputantibus
883 825 1018 891 quantum
1033 826 1139 876 motum

154 902 260 975 Pyrrus
295 917 385 975 parva
401 898 590 958 Macedonum
606 915 689 956 uranu
707 896 832 956 initalia
849 898 988 974 iecisset,
1005 909 1137 977 quantas·

126 995 213 1061 aque
233 1000 281 1041 res
298 981 475 1043 Macedones
493 984 521 1040 in
538 983 651 1040 oriente
672 981 843 1056 gessissent.
872 979 1019 1042 Mittuntur
1041 984 1138 1060 itaque

154 1067 259 1142 legati,
278 1066 326 1142 qni
341 1064 476 1144 Philippo
493 1074 522 1123 et
537 1063 684 1123 Antiocho
700 1064 883 1138 denuntient,
900 1081 993 1141 regno
1010 1065 1139 1142 Aegypti

123 1148 322 1212 dabatineant.
355 1147 474 1218 Mittitur
491 1156 521 1205 et
536 1145 574 1205 M.
586 1146 713 1223 Lepidus
728 1149 755 1204 in
769 1147 949 1224 Aegyptum,
968 1150 1015 1225 qui
1030 1150 1138 1207 tutorio

124 1232 267 1295 suomine
284 1248 404 1306 regnum
419 1230 522 1308 pupilli
540 1230 727 1289 administret.
757 1228 832 1287 Dum
848 1229 922 1288 haec
937 1240 1072 1305 aguntur,
1095 1232 1138 1289 in·

41 1329 47 1338 ·
154 1315 237 1374 terim
256 1313 419 1388 legationes
435 1312 523 1371 Attali
541 1313 622 1388 regis
640 1321 669 1371 et
684 1312 863 1372 Rhodiorum
882 1314 997 1374 ituurias
1012 1313 1141 1390 Philippi

153 1404 310 1473 querentes
323 1395 444 1455 Romam
457 1405 606 1454 venerunt.
638 1394 719 1467 Quae
734 1413 784 1454 res
800 1412 911 1455 omnem
927 1398 1139 1456 cunctationem

125 1477 333 1540 6Macedonici
349 1477 420 1538 belli
438 1479 551 1537 senatui
569 1479 677 1537 eximit
709 1480 809 1537 Statim
826 1479 912 1555 igitur
926 1479 1010 1537 titulo
1026 1479 1139 1539 ferendi

154 1562 243 1620 sociis
265 1561 363 1620 auxilii
377 1560 486 1620 bellum
501 1560 642 1621 adversus
658 1560 820 1639 Philippum
840 1563 1020 1638 decernitur,
1044 1563 1137 1638 legio·

123 1628 264 1721 luesque
288 1662 351 1702 oum
375 1644 525 1704 consule
516 1662 544 1702 1n
564 1643 763 1704 Macedoniam
782 1646 936 1704 mittuntur
967 1644 1031 1705 Nec
1050 1645 1138 1704 multo

155 1736 220 1804 post
241 1735 372 1804 tempore
399 1728 501 1787 lidncia
527 1726 720 1787 Romanorum
745 1736 805 1787 tota
831 1727 969 1803 Graecia,
999 1729 1139 1788 adversus

150 1809 328 1887 Philippum
327 1827 380 1887 spe
397 1811 533 1887 pristinae
550 1811 692 1870 libertatis
713 1819 830 1884 erecta,
852 1810 960 1869 bellum
981 1813 1008 1870 ei
1028 1811 1137 1870 intulit

152 1900 238 1969 atque
256 1893 295 1951 ita
313 1910 376 1952 oum
396 1893 521 1969 undique
545 1912 598 1952 rex
614 1904 802 1968 urgueretur,
825 1911 928 1977 pacem
950 1904 1052 1992 petere
1069 1910 1138 1952 con·

123 1975 279 2054 spellitur.
317 1974 430 2035 Dehinc
447 1995 510 2036 curn
527 1978 679 2058 expositae
696 1969 883 2038 condiciones
902 1979 983 2054 pacis
1000 1995 1015 2036 a
1032 1977 1137 2037 Roma·

151 2059 196 2117 nis
214 2067 331 2134 esseut,
354 2067 493 2135 repetere
513 2077 564 2119 sua
585 2069 614 2119 et
630 2059 743 2121 Attalus
766 2070 795 2119 et
810 2060 915 2119 Rhodii
932 2069 960 2119 et
980 2060 1091 2120 Achaei
1108 2068 1138 2117 et

122 2141 251 2204 9Aetoli
266 2159 405 2220 coepere.
439 2140 546 2205 Contra
566 2143 717 2221 Philippus
732 2144 835 2203 adduci
853 2161 886 2202 se
908 2160 1017 2222 posse,
1032 2153 1062 2202 ut
1077 2143 1137 2202 llo·

152 2226 242 2284 manis
258 2233 370 2303 pareat,
385 2225 581 2293 comedebam
596 2235 726 2285 ceterum
737 2227 883 2302 indignum
896 2245 966 2285 esse
979 2226 1109 2287 Graecos
1121 2242 1139 2283 a

152 2307 285 2385 Philippo
305 2316 334 2367 et
353 2307 522 2368 Alexandro
543 2308 699 2368 maioribus
721 2311 781 2369 suis
803 2311 897 2368 victos
916 2319 945 2368 et
967 2310 1020 2368 sub
1042 2311 1139 2384 iugum

152 2388 333 2451 Macedonici
361 2391 474 2470 imperii
500 2392 638 2451 subactos
665 2392 755 2451 veluti
784 2392 912 2450 victores
944 2391 1027 2465 leges
1055 2392 1139 2470 pacis

152 2471 208 2532 sibi
224 2473 340 2548 dicere,
357 2472 461 2552 quibus
484 2476 563 2552 prius
578 2476 616 2534 sit
631 2475 778 2535 servitutis
800 2475 873 2533 ratio
889 2472 1035 2532 reddenda
1051 2491 1139 2551 quam

108 2568 144 2620 10
154 2553 275 2614 libertas
289 2557 469 2618 vindicanda
503 2557 549 2618 Ad
563 2567 739 2635 postremum
760 2565 854 2616 tamen
870 2563 989 2632 petente
1004 2573 1042 2615 eo
1057 2556 1138 2615 indu·

151 2639 208 2698 tiae
224 2638 343 2698 duorum
356 2642 495 2700 mensium
513 2630 613 2716 datae,
630 2650 661 2701 ut
676 2659 749 2719 pax,
766 2656 840 2718 quae
853 2639 882 2699 iu
892 2636 1064 2731 Macedonia
1079 2656 1138 2699 non

152 2721 360 2798 conveniebat,
378 2722 488 2783 Romae
505 2742 521 2783 a
539 2724 640 2784 senatu
661 2732 820 2801 peteretur

123 2816 139 2868 1
215 2805 246 2863 4.
270 2803 383 2864 Eodem
398 2822 472 2866 anno
484 2807 557 2865 inter
568 2807 674 2867 insulas
687 2806 809 2866 Theram
821 2816 850 2867 et
862 2806 1030 2866 Therasiam
1041 2804 1137 2863 medio

121 2896 140 2950 2
151 2887 299 2965 utrumque
311 2888 392 2966 ripae
404 2898 433 2949 et
445 2891 530 2948 maris
542 2892 636 2967 spatio
652 2883 748 2949 terrae
763 2899 857 2949 motus
873 2889 941 2966 fuit,
960 2892 988 2947 iu
1003 2906 1060 2965 quo
1073 2905 1138 2947 cum

150 2969 339 3030 admiratione
360 2973 553 3047 navigantium
576 2982 699 3049 repente
722 2991 759 3031 ex
782 2972 926 3050 profundo
950 2989 1013 3030 cum
1036 2969 1138 3029 calidis

121 3055 232 3131 saquis
251 3053 343 3113 insula
363 3055 490 3115 emersit.
520 3053 552 3114 ln
568 3055 639 3115 Asia
656 3072 773 3133 qnoque
794 3056 895 3114 eadem
913 3054 959 3113 die
982 3054 1056 3113 idem
1076 3069 1136 3111 uno·

150 3144 196 3195 tus
210 3145 306 3195 terrae
324 3135 455 3197 Rhodum
470 3136 630 3215 multasque
653 3139 723 3198 alias
740 3139 871 3197 civitates
890 3138 971 3212 gravi
995 3138 1138 3194 ruinarum

121 3217 217 3282 tlabe
245 3222 409 3296 concussit,
432 3220 570 3298 quasdam
590 3220 701 3281 solidas
719 3220 879 3280 absorbuit.
917 3219 982 3292 Quo
1002 3216 1137 3295 prodigio

149 3303 257 3360 territis
270 3302 400 3363 omuibus
412 3313 495 3363 vates
509 3305 661 3379 cecinere,
674 3305 771 3363 oriens
782 3302 975 3362 Romanorum
987 3302 1137 3379 imperinm

151 3391 235 3440 vetus
251 3382 426 3444 Graecorum
444 3404 479 3446 ac
493 3383 684 3445 Macedonum
700 3395 874 3445 voraturum.

118 3472 140 3523 5
210 3461 357 3524 luterima
376 3477 478 3526 senatu
494 3468 645 3545 repudiata
663 3486 736 3547 pace
752 3466 901 3546 Philippus
922 3469 950 3526 in
964 3466 1136 3526 societatem
