2442 3975
179 165 239 227 228
457 146 822 231 montemaureum.
912 244 915 253 .

74 337 79 347 '
145 385 149 391 .
178 335 229 394 tris
250 352 293 394 sur
286 333 422 395 Crateri
442 332 501 394 hlio
516 332 685 396 Alexandro
700 334 809 395 hellum
823 333 930 396 hahuit
960 335 999 397 Ut
1011 329 1153 435 princeps

149 448 152 455 ⁴
177 416 305 478 Achaiae
317 416 421 481 Aratus
434 418 587 481 Sicuonem
596 426 632 477 ιι
644 416 809 478 Corinthum
821 428 850 479 et
860 418 978 497 Megara
990 421 1150 499 occuparit

175 496 257 560 Utin
273 502 356 577 Syria
369 519 423 561 rex
439 500 597 561 Antiochus
620 502 791 578 cognom‘me
810 504 896 562 Soter
916 502 1010 564 altero
1027 504 1086 564 lilio
1102 521 1150 563 oc·

178 586 255 660 ciso,
268 585 361 645 altero
372 602 443 661 rege
457 594 619 664 nuncupato
635 584 780 645 Antiocho
799 586 971 647 decesserit.
993 586 1050 648 Ut
1042 607 1070 646 ιιι
1081 587 1150 648 Asia

176 667 251 727 lilius
271 667 429 730 Ptolemaei
452 670 531 744 regis
553 669 634 727 socio
658 668 822 748 Timarcho
833 670 996 730 desciverit
1011 689 1028 731 a
1056 680 1150 770 patre.

90 775 95 785 ·
176 750 215 827 [ιι
225 751 315 811 frater
331 751 468 829 Antigoni
482 751 646 811 Demetrius
661 739 804 831 occupato
817 751 938 853 Cyrenis
953 766 1045 832 resgno
1061 756 1151 814 inter·

176 836 251 895 ἰιιιι.
284 833 322 895 Ut
342 844 454 895 mortuo
474 842 546 912 rege
567 835 712 897 Antiocho
732 836 807 896 filius
823 839 885 898 eius
901 836 1044 898 Seleucus
1062 835 1151 899 Galli·

176 920 259 978 nicus
275 936 395 1010 regnum
412 919 571 998 acceperit.

382 1078 385 1081 ’
456 1065 637 1115 PROLOGUS
651 1065 747 1115 LIBRI
759 1067 869 1115 XXVII.

236 1169 364 1246 Septimo
392 1176 429 1231 ιι
442 1168 580 1228 vicesimo
605 1168 748 1229 volumine
762 1170 954 1229 'continentur
974 1167 1059 1231 haec.
1096 1166 1151 1230 Se·

65 1276 68 1281 ·
176 1252 253 1312 leuci
271 1251 406 1312 bellurn
395 1269 425 1311 ιιι
447 1252 531 1331 Syria
554 1251 694 1312 adversus
713 1251 922 1313 Ptolemaeum:
944 1254 1013 1325 item
1035 1255 1064 1313 in
1079 1254 1152 1314 Asia

175 1336 315 1396 adversus
333 1335 449 1396 iratrero
465 1353 546 1395 suum
560 1335 733 1396 Antiochum
745 1335 906 1412 Hieracem,
927 1353 987 1435 quo
1000 1336 1079 1397 hello
1091 1338 1151 1397 An·

176 1436 263 1480 curae
276 1418 370 1479 rictus
386 1427 431 1478 est
450 1437 466 1479 a
482 1416 587 1479 Gallis:
608 1428 695 1498 utque
712 1417 787 1480 Galli
803 1419 945 1497 Pergamo
959 1421 1029 1479 victi
1044 1420 1081 1481 ah
1099 1421 1152 1481 At·

174 1500 234 1564 talo
250 1501 378 1563 hicelam
396 1498 546 1577 Bithunum
568 1503 735 1564 occiderint.
763 1498 802 1562 Ut
821 1501 1004 1563 Ptolemaeus
1018 1501 1152 1565 Adaeum

175 1585 270 1646 denuo
291 1595 404 1664 captum
421 1586 615 1662 interfecerit,
634 1595 664 1646 ιι
678 1587 841 1664 Antigonus
861 1586 960 1647 Andro
973 1587 1086 1666 proelio
1101 1600 1161 1648 na··

175 1669 234 1729 vali
256 1670 415 1749 Sophrona
422 1670 542 1745 vicerit,
561 1678 623 1731 ιιι
640 1668 780 1731 Gallinico
804 1670 908 1730 fusus
899 1688 927 1728 ιιι
940 1668 1152 1749 Mesopotamia
1195 1738 1200 1747 ,

97 1782 101 1791 .
175 1752 335 1812 Antiochus
350 1752 528 1813 insidiantem
542 1751 598 1812 sihi
613 1754 759 1830 effugerit
757 1750 945 1828 Ariamenen,
964 1753 1029 1813 dein
1046 1763 1151 1832 postea

172 1836 313 1901 custodes
321 1824 513 1919 Tryphonis:
530 1853 587 1914 quo
608 1854 625 1897 a
649 1836 738 1898 Gallis
754 1837 854 1896 occiso
875 1828 1016 1897 Seleucus
1032 1855 1152 1916 quoque

175 1919 265 1980 irater
292 1919 354 1998 eius
376 1919 554 2000 decesserit,
582 1920 777 2001 maioremque
799 1920 887 1980 lilium
909 1920 972 1981 eius
992 1919 1151 2040 Apaturios

73 2053 75 2058 .
178 1998 346 2073 occiderit
415 2039 418 2044 -

447 2149 630 2200 PROLOGUS
645 2151 741 2201 LIBRI
756 2136 878 2214 XXVIII.

227 2252 349 2313 Octauo
367 2254 550 2322 et-vicesirno
564 2245 709 2312 uolumine
721 2255 901 2312 continentur
913 2252 997 2313 haec.
1025 2251 1062 2313 Ut
1073 2269 1150 2314 mor·

174 2345 223 2397 tuo
245 2353 316 2413 rege
339 2334 420 2414 Epiri
442 2335 609 2396 Alexandro
629 2335 807 2400 Laodamiam
816 2334 961 2414 Epirotae
982 2336 1149 2396 occiderint.
1167 2359 1173 2372 ·
1197 2343 1201 2352 ⁴

175 2418 309 2497 Dictique
331 2417 360 2478 in'
381 2437 505 2479 excessu
525 2418 683 2478 Basternici
703 2427 806 2480 motus.
835 2419 873 2479 Ut
891 2437 945 2479 rex
959 2418 1150 2480 Macedoniae
1167 2483 1169 2488 ,
1214 2427 1218 2436 ⁴

174 2502 338 2562 Demetrius
360 2504 396 2562 sit
416 2520 433 2562 a
453 2502 595 2563 Dardanis
615 2502 713 2562 iosus:
743 2520 799 2581 qno
819 2510 931 2562 mortuo
954 2502 1079 2563 tutelam
1098 2502 1157 2563 lilii

175 2588 236 2650 eius
251 2584 376 2663 Philippi
393 2585 523 2665 suscepit
536 2585 716 2662 Antigonus,
733 2587 780 2664 qui
796 2583 975 2662 Thessaliam
991 2590 1062 2645 etin
1078 2585 1150 2646 Asia

74 2683 91 2728 ⁴.
175 2667 287 2731 Cariam
303 2665 426 2728 subiecit
446 2676 475 2727 ιι
490 2668 592 2729 adiutis
603 2668 729 2730 Achaeis
744 2676 844 2728 contra
863 2669 1150 2748 regemSpartannm

175 2751 353 2813 Cleomenen
371 2752 451 2829 cepit
465 2750 698 2813 lacedaemona:
722 2752 885 2829 amissoque
905 2768 998 2830 regno
1014 2750 1149 2818 Cleome-

173 2855 227 2897 nes
243 2835 543 2936 Spartanusconiugit
559 2833 763 2897 Alexandriam
780 2844 866 2913 atque
882 2834 945 2895 ihi
936 2836 1051 2895 interiit.
1081 2835 1149 2896 Dic·

174 2931 233 2982 tum
246 2921 275 2981 in
289 2937 415 2982 excessu
428 2918 536 3006 bellum
551 2916 708 3044 Illyricum,
722 2919 799 2999 quod
813 2918 934 2979 Romani
942 2936 1071 3029 gessere
1086 2936 1150 2987 cnm

59 3026 63 3032 ·
176 3004 277 3066 Teuta.

434 3148 616 3230 PRQLOGUS
631 3148 727 3197 LIBRI
741 3150 877 3214 XXVIIII.

237 3251 467 3314 Undetricesimo
488 3251 643 3314 volumine
656 3253 835 3313 continentur
850 3251 935 3312 haec.
958 3250 1028 3331 ,lies
1043 3261 1149 3328 gestae

173 3336 296 3415 Philippi
315 3337 395 3413 regis
415 3335 554 3402 adversus
576 3335 726 3397 Dardanos
741 3344 771 3396 ιι
789 3336 929 3409 Aetolos,
946 3337 1150 3413 repetitusque

158 3419 241 3498 ,inde
261 3417 395 3480 Creticae
413 3418 558 3498 origines,
579 3426 649 3498 post
672 3421 752 3480 cuius
774 3418 883 3480 insulae
899 3419 1068 3479 societatem
1083 3418 1149 3478 Phi·
