2442 3975
115 225 156 291 38
475 235 740 286 nnocreonmnr·
1033 229 1118 284 vus

102 378 169 454 'rex
179 390 455 453 Persarnm'memor
472 392 583 469 paterni
599 390 726 468 avitique
742 391 771 449 in
784 388 861 449 hano
872 388 972 449 urbem
987 389 1046 450 odii
1057 390 1118 451 iuc-

116 486 144 537 ta
166 494 228 536 curn
246 475 483 536 Lacedaemoniis
504 491 558 550 per
572 472 769 547 l'isaiernem,
798 472 978 550 praelectum
998 472 1117 548 Lydiae,

84 572 102 626 Β
118 561 260 619 societate
275 575 388 619 omnem
406 566 547 635 sumptum
562 555 634 617 belli
651 557 817 634 pollicetur.
851 555 889 616 Et
904 565 967 615 erat
987 556 1035 617 hic
1056 557 1117 634 qui·

118 644 182 703 dem
197 642 373 702 tituluscum
387 639 661 702 Graeciscoe'undi:
684 657 717 699 re
732 647 827 699 autem
842 657 913 699 vera
929 639 1064 713 timebat,
1080 654 1117 699 ne

116 726 200 785 victis
222 724 448 786 Atheniensibus
470 723 505 783 ad
527 740 560 782 se
575 721 797 782 Lacedaemonii
819 739 897 782 arma
915 683 1117 783 transferrent.
1200 792 1204 797 ,

85 821 102 874 9
120 808 216 882 Quis
207 809 294 886 rgitur
307 810 425 867 miretur
442 815 498 866 tam
518 805 659 866 florentes
675 805 895 867 Atheniensium
914 823 992 906 opes
1012 806 1118 879 ruisse,

25 929 37 951 .
119 910 183 951 cum
199 892 234 951 ad
250 891 469 969 opprimendam
483 906 567 948 unam
581 888 684 947 urbem
706 889 793 948 totius
810 889 937 948 orientis
953 890 1032 948 vires
1051 905 1118 949 con·

76 987 109 1037 10
120 972 292 1034 currerent?
323 978 385 1032 lion
399 984 494 1033 tamen
507 973 591 1031 inerti
603 989 699 1051 neque
708 973 858 1031 incruento
872 973 1011 1033 cecidere
1028 971 1119 1048 bello,

118 1058 171 1118 sed
192 1057 327 1135 proeliati
343 1056 379 1116 ad
394 1057 532 1131 ultimum,
548 1056 677 1115 victores
694 1056 780 1116 etiam
792 1051 944 1131 interdum,
957 1050 1126 1133 consumpti

77 1142 211 1217 ltmagis
234 1140 367 1200 fortunae
391 1141 531 1199 varietate
549 1154 634 1216 quum
659 1139 729 1198 victi
758 1147 832 1200 sunt.
875 1139 1020 1218 Principio
1047 1138 1120 1198 belli
1162 1172 1170 1186 ·

119 1240 219 1283 omnes
233 1222 268 1283 ab
284 1223 339 1283 his
346 1224 431 1282 etiam
450 1222 522 1281 socii
538 1222 739 1299 desciverant,
762 1231 793 1282 ut
809 1222 855 1282 lit.
843 1239 929 1301 quo
946 1241 978 1282 se
994 1222 1119 1299 lustuns,

120 1306 225 1365 eodem
241 1308 327 1365 etiam
343 1305 427 1364 lavor
442 1304 587 1364 hominum
602 1305 729 1364 inclinet.

87 1402 102 1454 1
182 1386 211 1446 Ἄ
225 1370 392 1447 Alcibiades
406 1396 642 1466 quoquemotum
654 1388 797 1447 adversus
807 1389 929 1467 patriam
941 1388 1051 1447 bellum
1063 1404 1120 1446 non

118 1472 247 1548 gregarii
267 1471 363 1530 militis
389 1488 496 1548 opera,
519 1469 573 1529 sed
595 1472 788 1548 imperatoriis
810 1471 963 1532 virtutibus
991 1472 1119 1531 adiuvet:

86 1552 228 1633 uquippe
246 1555 376 1632 acceptis
390 1553 418 1612 V
432 1552 552 1613 navibus
574 1554 602 1612 in
618 1554 716 1614 Asiam
739 1556 887 1617 contendit
907 1564 937 1614 et
955 1554 1120 1614 tributarias

120 1637 338 1697 Atheniensium
354 1638 486 1696 civitates
499 1639 673 1696 auctoritate
685 1639 807 1697 nominis
820 1639 864 1697 sui
873 1638 912 1698 ad
923 1638 1120 1699 delectionem

89 1731 106 1785 3
123 1720 273 1800 conpellit.
305 1719 442 1780 Sciebant
463 1721 538 1779 enim
559 1721 637 1781 domi
652 1720 778 1797 clarum,
794 1738 850 1781 nec
871 1722 960 1781 exilio
984 1720 1121 1780 videbant

119 1804 224 1863 lactum
239 1804 388 1879 minorem,
405 1821 462 1863 nec
475 1812 531 1863 tam
546 1803 671 1864 ablatum
684 1803 908 1865 Atheniensibus
921 1805 1023 1865 ducem
1036 1819 1121 1882 quam

118 1885 356 1946 lacedaemoniis
376 1887 519 1962 traditum,
535 1895 635 1965 parata
650 1889 699 1966 qni
714 1888 901 1948 comnmissis
917 1887 1037 1964 imperia
1050 1903 1120 1964 pen·

88 1978 208 2033 Asaret.
244 1970 303 2031 Sed
323 1970 398 2049 apud
422 1969 669 2032 Lacedaemonios
689 1971 780 2031 virtus
803 1968 964 2030 Alcibiadis
986 1968 1052 2047 plus
1078 1968 1120 2027 in·

89 2053 214 2116 uvidiae
236 2071 320 2131 qnam
341 2054 453 2131 gratiae
475 2057 627 2114 contraxit.
664 2053 764 2131 ltaque
788 2070 851 2112 cum
871 2052 1020 2130 principes
1040 2050 1122 2111 velut
1193 2092 1197 2100 ·

120 2137 261 2196 aemulum
277 2136 391 2214 gloriae
406 2154 476 2196 suae
494 2136 722 2196 interficiendum
737 2135 847 2194 insidiis
859 2135 1054 2211 mandassent,
1071 2151 1121 2194 co·

119 2220 197 2296 gnita
212 2233 244 2278 re
260 2219 429 2279 Alcibiades
446 2238 501 2297 per
516 2236 636 2279 uxorem
648 2216 750 2294 Agidis
764 2218 860 2295 regis,
877 2236 963 2297 quam
977 2217 1121 2290 adulterio

121 2311 311 2377 cognoverat,
327 2302 363 2362 ad
378 2301 560 2378 l'isalernen,
577 2301 762 2379 praefectum.
770 2300 860 2361 Darei
874 2303 965 2379 regis,
981 2301 1121 2378 profugit,

122 2386 166 2442 cui
182 2402 215 2442 se
233 2384 370 2444 celeriter
386 2386 476 2445 officii
495 2387 630 2445 comitate
650 2393 679 2443 et
694 2384 877 2463 obsequendi
899 2387 990 2462 gratia
1014 2385 1119 2443 insinu-

88 2477 106 2531 6
122 2467 188 2526 avit.
214 2466 284 2526 Erat
301 2469 375 2527 enim
392 2478 420 2527 et
432 2470 534 2529 aetatis
546 2468 620 2528 llore
634 2477 663 2527 et
675 2468 786 2527 formae
798 2469 986 2529 veneratione
1000 2484 1055 2526 nec
1070 2465 1120 2525 mi·

88 2558 104 2613 7
120 2566 173 2607 nus
190 2549 356 2629 eloquentia
372 2552 457 2611 etiam
474 2554 548 2610 inter
563 2550 761 2611 Athenienses
775 2553 912 2629 insignis,
933 2551 988 2610 sed
1007 2552 1120 2626 incon·

122 2632 252 2693 ciliandis
277 2636 462 2694 amicitiarum
485 2634 587 2694 studiis
611 2652 696 2713 quam
717 2635 745 2694 in
769 2634 926 2694 retinendis
944 2635 988 2693 vir
1005 2634 1121 2709 melior,

89 2726 107 2780 8
122 2717 187 2794 quia
204 2734 313 2776 morum
326 2718 393 2779 vitia
409 2717 461 2778 sub
475 2717 576 2778 umbra
589 2718 778 2798 eloquentiae
791 2720 883 2794 primo
896 2716 1032 2777 latebant.
1064 2715 1120 2794 lgi·
1156 2757 1159 2760 -

121 2807 166 2858 tur
182 2801 340 2877 persuadet
356 2800 517 2876 l'isaicrni,
539 2819 576 2860 ne
597 2810 675 2862 tanta
699 2801 841 2879 stipendia
865 2800 954 2861 classi
973 2799 1120 2860 Lacedae·
1189 2866 1194 2875 ⁴

88 2890 105 2943 9
122 2885 280 2943 moniorum
294 2884 466 2961 praeberet:
492 2885 641 2944 vocandos
659 2884 734 2944 enim
757 2886 785 2942 in
811 2885 974 2963 portionem
995 2883 1121 2943 muneris

121 2963 229 3042 Ionios,
247 2983 367 3045 quorum
386 2983 440 3046 pro
453 2967 599 3043 libertate,
617 2985 682 3027 cum
700 2967 804 3028 tributa
813 2966 1040 3028 Atheniensibus
1050 2982 1120 3043 pen·
1157 3034 1162 3042 .

77 3048 235 3127 luderent,
251 3049 361 3111 bellum
375 3059 543 3129 susceptum
557 3051 603 3110 sit.
633 3050 693 3111 Sed
714 3068 770 3111 nec
792 3051 905 3111 auxiliis
928 3048 1010 3108 nimis
1027 3046 1121 3107 'enixe

71 3183 74 3188 4
107 3130 368 3212 ‘Lacedaemonios
383 3135 539 3195 iuvandos:
555 3135 664 3213 quippe
675 3150 833 3195 memorem
844 3151 913 3194 esse
926 3131 1036 3192 debere
1050 3131 1120 3192 alie·

120 3232 183 3275 nam
199 3234 232 3276 se
248 3218 408 3294 victoriam,
421 3234 478 3277 uon
494 3235 573 3278 suam
588 3219 746 3286 instruere;
765 3226 794 3277 et
806 3226 927 3277 eatenus
938 3215 1045 3276 bellum
1058 3232 1119 3274 sus-

78 3305 112 3358 11
125 3298 289 3374 tinendum,
305 3319 342 3361 ne
358 3301 456 3380 inopia
472 3301 635 3361 deseratur.
669 3299 752 3362 liam.
765 3318 867 3377 regem
884 3300 1040 3361 Persarum
1062 3297 1119 3357 dis·

120 3381 311 3443 sentientibus
327 3383 449 3444 Graecis
471 3383 608 3443 arbitrum
631 3384 712 3461 pacis
735 3401 770 3443 ac
795 3383 867 3443 belli
888 3383 970 3458 iore,
995 3391 1025 3442 et
1046 3396 1121 3459 qnos

120 3462 180 3523 suis
200 3480 258 3524 non
281 3466 391 3542 possit,
413 3468 543 3545 ipsorum
568 3469 655 3528 armis
680 3467 836 3526 victurum:
864 3466 999 3545 perlecto
1026 3473 1121 3525 antem
