2442 3975
127 217 186 277 196
484 227 592 274 unoer
610 227 742 274 rourar
927 216 1083 270 xxxixa.
1101 221 1118 272 a

126 384 170 442 dri
191 399 327 459 regnum,
355 379 433 457 quod
462 380 528 439 odio
549 379 688 438 Demetrii
713 378 822 437 viribus
848 380 908 438 suis
931 380 1119 457 adquisierat,

95 467 239 530 usumnts
255 464 362 540 opibus
381 464 508 521 instituit.
543 461 629 521 Mittit
651 464 738 539 igitur
753 463 881 539 ingentia
897 461 996 539 Grypo
1013 462 1119 522 auxilia

124 558 155 607 et
173 548 260 607 liliam
275 545 475 623 Tryphaenam
495 543 593 622 Grypo
610 554 778 622 nupturam,
802 555 831 603 ut
849 546 976 623 populos
993 547 1021 603 in
1039 545 1119 603 auxi·

127 631 194 689 lium
210 631 326 707 nepotis
344 646 401 686 non
418 631 561 688 societate
578 637 684 686 tantum
702 626 790 705 belli,
812 646 912 686 verum
929 637 958 687 et
973 628 1120 687 adfinitate

96 723 177 775 esua
193 714 376 773 sollicitaret.
407 716 467 770 Nec
485 730 533 769 rcs
549 711 656 770 frustra
676 711 744 770 luit:
762 728 826 770 nam
843 730 907 770 curn
922 728 1023 769 ornnes
1047 711 1118 785 Gry·

126 815 191 874 pum
209 799 378 855 instructum
397 791 526 872 Aegypti
548 794 658 852 viribus
674 795 821 869 viderent,
845 794 981 871 paulatim
997 792 1032 854 ab
1049 793 1118 852 Ale·

97 892 113 943 5
147 879 238 939 andro
256 878 383 938 delicere
401 895 541 955 coepere.
577 876 622 937 Fit
645 877 749 936 deinde
771 878 950 954 interreges
966 877 1118 954 proelium,

116 898 183 1041 ‘o
198 965 293 1022 victus
309 960 479 1041 Alexander
498 959 679 1020 Antiochiam
697 961 834 1037 profugit.
872 960 915 1029 lbi
931 962 1015 1037 inops
1029 978 1118 1038 pecu·

125 1048 206 1122 niae,
228 1064 292 1104 curn
314 1044 458 1121 stipendia
481 1044 617 1102 militibus
641 1045 796 1116 deessent,
823 1045 931 1121 templo
949 1043 1027 1103 lovis
1048 1043 1118 1102 scli-

125 1129 190 1187 dum
207 1147 244 1186 ex
260 1145 329 1186 auro
345 1130 457 1202 signum
474 1128 626 1187 Victoriae
644 1127 708 1185 tolli
732 1126 828 1201 iubet,
852 1127 955 1209 facetis
976 1129 1049 1185 iocis
1073 1144 1118 1184 sa·

126 1211 276 1287 crilegium
293 1210 553 1268 circumscribens:
578 1228 642 1269 narn
659 1210 818 1269 Victoriam
840 1210 1048 1268 commodatam
1063 1209 1119 1267 sibi

96 1293 160 1357 oab
176 1292 247 1351 love
265 1311 332 1351 esse
348 1291 474 1352 dicebat.
508 1292 672 1351 Interiectis
686 1293 789 1352 deinde
809 1293 928 1368 diebus,
946 1311 1010 1351 cum
1025 1294 1118 1370 ipsius

124 1377 203 1434 lovis
222 1393 338 1435 aureum
361 1375 544 1434 simulacrum
562 1376 662 1434 induiti
683 1376 821 1453 ponderis
845 1378 931 1435 tacite
950 1376 1039 1435 evelli
1060 1377 1117 1433 ins·

125 1461 215 1518 sisset
238 1459 500 1535 deprehensusque
527 1460 555 1515 in
579 1459 736 1534 sacrilegio
763 1477 913 1518 concursu
931 1458 1117 1518 multitudinis

125 1552 205 1601 esset
225 1543 253 1600 in
270 1541 367 1618 lugam
382 1559 508 1615 uersus,
532 1550 634 1617 magna
657 1543 684 1600 vi
706 1544 885 1620 tempestatis
905 1560 1066 1620 oppressus
1082 1560 1117 1600 ac

126 1625 260 1684 desertus
280 1643 296 1683 a
318 1628 413 1684 suisa
433 1624 593 1683 latronibus
608 1627 737 1702 capitur,
758 1625 916 1702 perductus
939 1625 975 1684 ad
990 1623 1116 1702 Grypum

96 1708 304 1773 ilnterficitur·
332 1707 451 1786 'Grypus
469 1723 556 1784 porro
573 1708 740 1785 reciperato
757 1709 850 1786 patrio
866 1723 957 1785 regno
975 1710 1115 1766 externis·

127 1809 183 1868 quc
204 1789 343 1868 periculis
363 1790 629 1849 liberatus-insidiis
650 1792 747 1849 matris
768 1791 921 1867 adpetitur.
955 1790 1036 1863 Quae
1053 1808 1116 1849 cum

126 1874 282 1971 cupiditate
307 1873 509 1947 dominationis
531 1873 647 1950 prodito
673 1875 776 1954 marito
801 1873 950 1932 Demetrio
975 1883 1004 1932 et
1021 1875 1116 1932 altero

110 1956 185 2036 ¹libo
202 1955 356 2015 interiecto
380 1956 462 2015 huius
483 1972 600 2034 quoque
618 1957 738 2039 victoria
760 1955 927 2017 inferiorern
949 1958 1116 2033 dignitatern

125 2058 204 2098 suam
219 2040 323 2099 factam
338 2039 468 2113 doleret,
485 2041 610 2098 venienti
627 2040 663 2098 ab
684 2042 894 2099 exercitatione
914 2041 1047 2119 poculum
1064 2059 1115 2098 ve·

99 2125 193 2187 &neni
210 2123 322 2182 obtulit.
351 2122 409 2181 Sed
426 2121 540 2200 Grypus
556 2122 713 2201 praedictis
729 2125 784 2197 iam
802 2134 867 2183 ante
879 2125 1007 2197 insidiis,
1024 2124 1116 2182 veluti

125 2207 233 2283 pietate
249 2224 312 2264 curn
327 2215 417 2264 matre
431 2214 574 2280 certaret,
593 2205 695 2265 bibere
708 2209 799 2283 ipsam
814 2206 907 2273 iubet;
926 2208 1059 2266 abnuenti
1074 2208 1116 2265 in·

125 2293 388 2367 stat:'postremum
404 2289 519 2367 prolato
536 2289 630 2347 indice
647 2308 709 2347 earn
725 2290 833 2368 arguit,
853 2291 944 2349 solam
967 2290 1115 2369 defensio·
1152 2279 1161 2294 ’

124 2389 189 2430 nem
200 2371 325 2430 sceleris
338 2389 497 2448 superesse
507 2373 674 2448 adlirmans,
688 2374 711 2430 si
725 2373 822 2446 bibat,
836 2375 913 2450 quod
928 2374 987 2432 filio
1000 2373 1115 2432 obtulit.

125 2454 174 2512 Sic
190 2455 266 2514 victa
281 2455 382 2529 regina
397 2455 514 2513 scelere
529 2456 557 2512 in
575 2473 608 2513 se
623 2472 711 2514 verso
728 2474 858 2530 veneno,
875 2458 951 2534 quod
967 2457 1014 2514 alii
1033 2474 1117 2533 para·

94 2546 220 2612 deerat,
237 2538 422 2612 extinguitur.
456 2537 540 2600 Parta
556 2539 642 2613 igitur
656 2533 739 2615 regni
750 2540 906 2598 securitate
920 2539 1033 2616 Grypus
1046 2549 1115 2598 octo

82 2622 208 2682 loannis
222 2622 347 2697 quietem
359 2629 388 2692 et
399 2621 463 2696 ipse
475 2619 574 2679 habuit
585 2630 614 2680 et
627 2639 718 2697 regno
731 2624 883 2697 praestitit.
904 2622 996 2700 Natus
1008 2622 1116 2682 deinde

124 2704 166 2763 illi
181 2712 226 2762 est
240 2702 368 2762 aemulus
383 2704 481 2779 regni,
499 2703 589 2763 irater
607 2707 698 2781 ipsius
714 2701 886 2783 Cyzicenus,
904 2706 1005 2765 cadem
1020 2716 1116 2766 matre

124 2790 248 2863 genitus,
262 2785 511 2847 sedexAutiocbo
535 2796 639 2864 patruo
665 2797 835 2865 susceptus,
874 2807 960 2865 quem
980 2807 1043 2848 curn
1063 2805 1115 2846 ve·

123 2887 198 2929 neno
220 2869 327 2928 tollere
342 2868 499 2945 voluisset,
517 2879 547 2929 ut
563 2871 699 2929 maturius
721 2872 807 2930 armis
823 2890 885 2931 curn
910 2889 946 2931 eo
965 2872 1001 2931 de
1020 2889 1115 2948 regno

124 2948 332 3028 contenderet,
348 2953 495 3011 excitavit.
792 2982 795 2986 Δ

98 3048 113 3098 1
187 3037 217 3097 3.
238 3035 316 3094 luter
330 3036 382 3095 bas
396 3037 479 3112 regni
494 3037 597 3110 Syriae
613 3035 802 3114 parricidales
818 3038 980 3100 discordias
994 3040 1116 3096 moritur

123 3136 177 3177 rex
197 3119 324 3195 Aegypti
341 3118 542 3198 Ptolemaeus,
562 3137 654 3195 regno
671 3119 800 3196 Aegypti
823 3122 904 3179 uxori
925 3132 955 3179 et
970 3121 1053 3180 alteri
1074 3138 1116 3178 ex

106 3201 206 3277 bitu,
229 3220 316 3278 quem
338 3201 387 3260 illa
411 3202 552 3277 legisset,
576 3203 697 3262 relicto:
722 3203 861 3262 videlicet
883 3206 964 3281 quasi
987 3204 1116 3281 quietior

123 3283 252 3360 Aegypti
268 3294 358 3343 status
372 3302 389 3361 q
412 3301 455 3343 arn
471 3285 574 3358 Syriae
586 3301 706 3362 regnum
718 3296 813 3360 esset,
832 3305 895 3345 curn
912 3296 1003 3345 mater
1018 3287 1115 3344 altero

96 3375 163 3425 dcx
181 3365 247 3422 liliis
267 3367 364 3425 electo
392 3303 513 3426 brorum
537 3366 650 3427 bostem
671 3378 751 3427 esset
771 3368 913 3428 habitura.
942 3370 1033 3446 Igitur
1048 3387 1114 3427 curn

125 3446 244 3517 pronior
258 3448 286 3504 in
297 3449 434 3506 minorem
451 3448 539 3507 lilium
556 3460 651 3527 esset,
673 3452 816 3528 apopulo
832 3453 1005 3530 conpellitur
1023 3455 1114 3510 maio·
