2442 3975
103 153 157 206 vn
167 149 301 209 o.v1111
440 154 533 202 mrsu.
549 151 643 199 enm.
660 151 750 199 narr.
999 132 1006 146 '
1065 138 1106 197 55

105 318 174 375 line
196 308 389 386 Thessaliam}
413 324 472 367 non
491 305 622 385 praedae
642 304 817 383 cupiditate,
846 303 899 369 sed
920 304 998 382 quod
1021 316 1135 371 exesso

107 399 173 455 citui
198 412 252 456 suo
274 394 364 453 robur
387 389 593 450 Thessalorum
612 389 743 466 *equitum
766 387 925 464 adjungere
949 388 1106 464 gestiebat,

105 479 176 538 nihil
196 480 287 537 minus
309 493 395 553 quam
420 472 530 533 bellum
555 479 730 531 metuentem
756 471 920 548 inprovisus
948 480 1107 550 expugnat,

106 578 248 638 unumque
274 572 383 636 corpas
410 557 536 634 equitum
562 553 799 633 pedestriumque
833 553 982 631 copiarum
1009 557 1136 619 invictis

107 647 254 703 exercitus
268 642 348 701 lecit.
376 639 487 712 Quibus
500 638 589 698 rebus
604 637 732 715 feliciter
748 636 988 715 provenientibus
1010 634 1108 712 Olpnr·
1118 650 1153 700 lo

107 726 239 803 piadem,
265 724 451 802 Neoptolemi
471 725 550 799 regis
570 719 767 782 Molossorum
793 720 898 795 liliam,
920 736 1042 779 uxorem
1058 721 1109 780 da·

107 810 164 883 cit,
194 808 366 868 conciliante
381 807 495 885 nuptias
513 805 603 865 fratre
619 804 761 882 patrueli,
783 803 883 869 altore
898 804 1035 879 virginis,
1057 803 1110 862 hr·
1119 815 1151 867 11

107 890 180 965 ryba
209 909 280 967 rege
312 890 522 964 Molossorum,
557 890 606 966 qui
635 904 768 948 sororem
796 884 973 964 Olympiadis
996 885 1111 946 Troada

107 975 137 1033 iu
159 975 338 1033 matrimonio
360 972 502 1033 babebat:
533 989 607 1050 quae
632 988 729 1040 cansa,
742 970 784 1029 illi
806 970 886 1029 esitii
911 968 1111 1048 malorumque

107 1058 231 1115 omnium
245 1057 307 1116 luit.
345 1060 414 1115 Nam
435 1055 501 1114 dum
516 1056 599 1131 regni
623 1056 800 1125 incrementa
820 1053 967 1113 adfinitate
988 1053 1111 1132 Philippi
1119 1063 1153 1116 12

19 1133 24 1140 ’
106 1139 313 1216 adquisiturum
336 1148 451 1217 sper'at,
476 1139 596 1216 proprio
617 1153 712 1217 reguo
738 1135 773 1195 ab
801 1134 906 1195 eodem
933 1137 1062 1215 privatus
1082 1140 1111 1199 in

108 1222 197 1282 exilio
216 1223 377 1282 consenuit.
1020 1237 1024 1244 ·

172 1305 224 1364 His
243 1307 282 1365 lta
305 1306 398 1382 gestis
423 1304 574 1380 Philippus
601 1304 656 1363 ianr
679 1319 738 1363 nou
759 1311 912 1363 contentus
937 1301 1153 1369 submoverelh

106 1387 186 1448 bella
210 1387 285 1447 ultro
311 1388 398 1447 etiam
425 1388 541 1464 quietos
562 1386 691 1447 lacessit.
732 1380 804 1445 Cum
831 1385 988 1446 Methonen
1011 1386 1155 1451 urbanus

108 1479 302 1548 oppugnaret,
320 1473 348 1529 in
362 1479 597 1548 praetereuntem
612 1471 648 1531 de
664 1472 751 1541 muris
767 1472 873 1546 sagitta
888 1471 964 1528 iacta
979 1470 1112 1529 dextrum

108 1554 222 1613 oculum
247 1555 326 1630 regis
349 1554 459 1613 effodit.
495 1551 560 1625 Quo
589 1555 711 1613 uulnere
738 1568 794 1612 nec
816 1553 936 1629 segnior
956 1552 984 1610 in
1004 1551 1112 1612 bellum
1121 1561 1154 1614 15

107 1652 163 1694 neo
178 1637 342 1696 iracundior
357 1636 497 1696 aduersus
512 1635 614 1695 hostes
629 1636 722 1695 factus
738 1644 800 1710 est,
819 1635 894 1694 adeo
911 1643 942 1694 ut
952 1636 1112 1695 interiectis
1120 1643 1156 1699 16

108 1716 210 1778 diebus
226 1735 329 1797 pacem
344 1718 569 1797 deprecantibus
584 1719 715 1794 dederit,
739 1735 794 1778 nec
807 1717 974 1779 moderatus
992 1727 1111 1795 tantum,

108 1804 305 1861 verumetiam
318 1803 393 1861 mitis
408 1801 549 1861 adversas
567 1802 661 1861 uictos
676 1803 772 1862 luerit.

512 2011 724 2024 ——-—-·-ae··—-

436 2184 644 2275 L‘IBER
684 2200 790 2276 VHI.

172 2392 200 2449 1.
222 2353 372 2449 Graeciae
397 2390 545 2464 civitates,
573 2389 639 2449 dum
660 2389 805 2468 imperare
826 2387 959 2466 singulae
984 2390 1140 2468 cupiunt,1

107 2474 258 2551 imperium
285 2489 385 2547 omnes
408 2472 616 2557 perdiderunt:
650 2475 761 2552 quippe
786 2474 815 2532 in
846 2481 972 2532 mutuum
997 2474 1143 2534 exitinm2

108 2558 170 2615 sine
185 2556 271 2616 modo
288 2558 408 2615 ruentes
423 2554 555 2615 omnibus
571 2556 680 2634 perire,
697 2556 774 2634 quod
792 2556 925 2633 singulae
940 2558 1113 2631 amitterent,

19 2699 22 2703 ,
108 2656 167 2700 non
189 2639 244 2696 nisi
266 2655 429 2716 oppressae
450 2647 619 2698 senserunt:
646 2639 788 2717 siquidem
809 2638 958 2717 Philippus
985 2657 1039 2699 rex
1055 2637 1145 2702 lla-e

109 2719 270 2797 cedoniae,
298 2721 379 2781 velut
395 2722 517 2798 specula
532 2721 656 2800 quadam
671 2722 798 2782 libertati
814 2724 938 2783 omnium
953 2721 1114 2795 insidiatos,

108 2803 175 2864 dum
189 2804 392 2873 contentiones
402 2805 557 2864 civitatium
567 2804 619 2864 alit
633 2805 768 2866 auxilium
780 2803 968 2866 inferioribus
979 2802 1114 2877 serendo,

108 2889 204 2946 victos
223 2889 334 2966 pariter
353 2887 541 2965 uictoresque
562 2887 661 2947 subire
684 2890 796 2964 regiam
819 2890 989 2949 servitutem
1004 2886 1115 2961 coegit.

109 2968 204 3031 Causa
231 2981 261 3031 et
282 2971 368 3049 origo
386 2970 469 3029 buius
490 2970 558 3031 mali
578 2970 709 3031 Thebani
732 2971 832 3046 luere,
860 2970 908 3049 qui
933 2986 998 3029 cum
1019 2979 1145 3032 rerum4

108 3056 286 3131 potirentur,
328 3053 485 3115 secundam
517 3054 662 3114 fortunam
691 3053 831 3114 inbecillo
861 3052 957 3113 animo
987 3051 1116 3111 ferentes

108 3138 205 3197 motos
220 3139 308 3198 armis
322 3137 570 3200 Lacedaemonios
586 3146 616 3197 et
632 3138 818 3217 Phocenses,
844 3135 926 3214 quasi
941 3152 1033 3213 parva
1048 3151 1116 3213 sup·

14 3235 17 3241 ’
108 3220 197 3296 plicia
214 3220 353 3281 caedibus
371 3230 402 3281 et
417 3222 525 3312 rapinis
540 3220 681 3297 luissent,
708 3221 784 3299 apud
800 3236 949 3284 commune
975 3217 1116 3279 Graeciae

110 3302 265 3363 concilium
282 3303 412 3383 superbe
432 3313 654 3365 accusaverunt.
687 3302 925 3364 Lacedaemoniis
943 3302 1051 3362 crimini
1067 3301 1145 3364 da¹t

110 3393 186 3461 tum,
214 3386 292 3465 quod
318 3404 416 3448 arcem
439 3387 606 3459 Thebanam
626 3387 798 3450 indutiarum
817 3396 951 3465 tempore
973 3401 1116 3464 occupas·
