2442 3975
426 225 463 276 iu
485 226 618 277 euenum
640 226 705 276 1111.
1030 215 1069 276 27

72 384 128 443 GM.
150 382 216 442 XII
229 391 270 458 12,
284 392 303 446 8
317 386 473 460 polidamas
487 393 514 445 et
525 387 680 461 palimedes
697 387 729 444 G.
750 383 834 443 XIII
844 394 872 459 4,
887 394 919 448 21
938 389 1071 460 agenoris

70 479 93 527 et
107 471 233 544 egeronis
252 470 364 527 Aoum.
394 471 458 528 XV
468 480 500 541 l,
515 479 533 533 6
552 474 688 543 gamalam
710 479 737 528 et
750 474 884 542 galamam
898 472 981 529 ABG.
1012 472 1076 529 XV

67 562 92 625 b,
109 563 125 616 9
145 556 273 611 eolunbur
293 562 319 610 et
339 557 468 612 locuntur
488 555 578 612 ΛΟΜ.
602 555 684 613 XVI
693 563 722 621 3,
737 564 772 615 10
792 556 969 612 lamuebuset
985 558 1070 614 maia-

70 641 129 695 ubus
143 638 283 695 ABCGM.
304 639 419 695 XVIII
429 646 454 710 4,
469 648 486 703 9
501 641 587 697 tacito
603 646 631 695 et
644 641 729 696 citato
744 640 780 694 B.
800 639 915 695 XVIII
928 646 962 710 4,
982 646 1012 699 12
1028 643 1069 697 al-

69 730 118 778 tum
131 730 156 779 at
168 724 251 779 latum
266 724 301 777 B.
325 724 405 779 XIX
414 730 443 789 2,
461 732 478 785 3
491 726 664 795 regebantur
678 732 704 779 et
718 725 890 795 gerebantur
904 724 960 779 BC.
982 725 1070 780 XXV

69 812 97 876 i,
111 814 127 867 6
140 808 291 878 remigibus
309 815 334 863 et
347 808 501 879 regimibus
518 808 560 864 M.
587 803 716 865 XXVII
728 815 759 874 3,
776 812 791 869 7
815 808 906 863 denuo
922 809 998 864 etde
1016 825 1070 863 une

69 891 101 945 B.
120 890 261 948 XXVIII
269 897 296 962 2,
307 896 338 950 14
350 892 423 964 epiri
435 892 544 966 eteripi
556 893 614 950 Au.
638 891 970 960 mundandantur
981 899 1007 948 ei
1018 893 1070 948 do-

70 976 155 1031 mestia
173 975 205 1034 A.
229 969 357 1031 XXXII
370 982 403 1046 3,
423 985 455 1037 ll
479 977 555 1033 ultor
576 985 601 1032 et
614 978 688 1032 ultro
705 977 733 1032 0.
762 974 887 1031 XXXII
899 982 924 1046 3,
943 982 974 1036 16
989 976 1070 1032 uruIe

70 1067 91 1113 eu
104 1059 177 1115 uiure
191 1057 223 1114 I.
239 1057 396 1115 XXXVII
409 1069 434 1126 4,
453 1068 466 1118 l
487 1060 600 1118 sedales
617 1061 769 1117 muniades
788 1060 811 1116 G
826 1063 898 1115 inter
913 1074 944 1116 ee
956 1073 1069 1130 permu-

69 1147 196 1198 tutabant
257 1141 280 1215 ὅ
296 1151 312 1203 5
335 1144 400 1199 inde
417 1144 538 1215 denique
553 1144 661 1200 Aetnae
677 1140 828 1217 (aetheree
843 1141 883 1217 Α)
900 1145 1001 1200 montis
1020 1161 1071 1217 per
1189 1143 1191 1150 '

70 1230 104 1281 tob
121 1221 228 1284 saecula
245 1228 328 1283 durat
348 1225 518 1303 incendium]
539 1225 567 1284 O.
586 1227 774 1300 Nipperdeiua
789 1231 899 1300 pmmue
915 1228 981 1284 nield
993 1227 1071 1296 baec,
1144 1269 1147 1273 Α

70 1324 131 1380 quae
143 1312 248 1366 unmnt'a
266 1312 374 1378 declani,
390 1313 506 1367 insiticia
521 1326 591 1368 esse.
628 1313 819 1383 Expununtur
834 1315 905 1368 enim
921 1311 948 1369 Ie.
964 1311 981 1367 1,
1001 1327 1068 1367 cnu-

19 1463 21 1470 ‚
69 1406 123 1464 rue,
138 1410 186 1449 cur
199 1396 357 1450 incendium
372 1396 486 1464 emisisti,
505 1412 560 1452 non
574 1412 627 1452 eur
641 1397 729 1455 duret.
771 1397 915 1452 Adnotatio
928 1398 1068 1468 maraine-

70 1477 109 1552 Iis,
129 1480 214 1550 quadis
234 1484 278 1534 est
300 1477 550 1551 Guelferbytum'B
570 1481 653 1535 etbne
673 1480 774 1535 montis
792 1480 865 1535 unde
883 1480 1010 1536 durabile
1026 1480 1068 1535 in-

68 1562 194 1631 cendium,
214 1577 257 1619 ex
279 1559 300 1636 ᾖ
320 1568 352 1620 12
367 1563 526 1635 desumpta,
551 1571 652 1619 temere
672 1566 701 1619 in
721 1563 804 1619 verbu
821 1564 965 1633 scre‘ptumb
984 1564 1071 1617 Inlulu

68 1657 117 1699 esse
130 1647 232 1702 videtur
302 1642 597 1719 §Ipromuntnrium
620 1647 729 1716 regium
750 1649 775 1702 Α
796 1643 856 1720 (um
876 1663 907 1702 re
923 1663 958 1700 m.
972 1648 1018 1703 ult.
1040 1649 1070 1701 s'n

68 1743 118 1782 ras.
132 1727 258 1805 auquel.)
274 1730 359 1786 GED.
375 1737 531 1803 promeret.
544 1748 603 1801 reg.
616 1730 676 1787 CM.
698 1737 834 1804 promunt.
851 1730 940 1802 regni
952 1731 985 1786 L.
1002 1746 1069 1803 pru-

68 1820 140 1870 num.
157 1815 271 1886 regium
288 1814 350 1871 BF.
380 1813 416 1870 In
431 1815 584 1887 archetype
603 1816 782 1886 asps‘rutionis
795 1822 861 1870 notu
876 1819 940 1885 pust
953 1816 1069 1869 litterum

68 1909 139 1952 rnen
156 1900 266 1955 uidetur
279 1898 375 1970 fuisse.
420 1898 493 1953 Num
507 1901 554 1953 cui
569 1899 622 1953 soli
638 1898 693 1954 buc
711 1901 740 1953 in
757 1912 790 1953 re
811 1899 904 1970 aIIquu
918 1900 1070 1954 auctoritas

69 1985 112 2048 est,
136 1982 297 2039 Putenneus
324 1997 435 2054 semper
459 1981 537 2038 babet
557 1981 677 2052 Pyrrus,
711 1980 862 2053 Pyrridae,
891 1981 986 2050 Raeti,
1016 1983 1069 2040 Re-

69 2062 146 2136 gium,
160 2064 278 2139 Regini,
299 2067 428 2140 Riphaei.
447 2068 587 2123 Rodanus.
621 2066 665 2122 De
679 2066 830 2127 nominibus
844 2065 943 2120 Rhodii
959 2072 984 2119 et
997 2067 1070 2122 Rbo-

69 2147 112 2203 dus
132 2151 259 2208 dubiiua'o
280 2148 458 2223 relinqun'tur,
481 2153 609 2224 qnoniam
631 2148 728 2207 Erudii
750 2164 856 2221 quinque
874 2155 902 2203 et
916 2147 965 2203 XI
987 2148 1070 2217 11‚1

68 2228 131 2288 inber
144 2234 243 2292 hedum
257 2241 333 2291 extat
343 2252 398 2307 pru
413 2250 460 2306 eo,
481 2237 556 2307 quod
568 2235 684 2292 estiude
698 2235 830 2290 Rhodum.
855 2233 1030 2304 Bonyareiue
1046 2242 1073 2291 et

69 2313 386 2377 Deebnerae‘linerumh
405 2319 502 2392 ubr'que
518 2326 645 2390 servant,
668 2319 742 2392 q'und
756 2319 840 2373 semel
857 2320 994 2375 monuisse
1008 2319 1070 2391 suf-

67 2399 129 2466 ficiet
196 2404 326 2476 greceA
393 2402 631 2476 pronunciaburA
701 2401 996 2475 §ShuiirsiouiBIi
1013 2403 1069 2460 ioci

68 2481 138 2541 buius
152 2487 177 2543 R
241 2483 352 2561 coiere]
368 2488 481 2544 euIreee
495 2488 520 2543 Α
582 2483 603 2559 §
619 2492 785 2559 unusquam
804 2484 874 2542 eiius
887 2493 942 2541 tam
957 2494 1070 2543 torrens

69 2562 139 2640 Bona
155 2572 240 2627 Dueb.
270 2578 324 2627 iam
346 2589 399 2628 nm.
419 2571 450 2629 0.
483 2572 573 2627 Locus
593 2578 743 2644 corruptus
764 2576 812 2626 eat.
844 2570 916 2625 Num
937 2577 1069 2643 praeter-

67 2665 141 2718 quam
161 2657 232 2726 quud
252 2656 503 2712 tnm‘ab'omnibns
522 2657 589 2710 meis
608 2655 683 2710 libris
703 2670 768 2710 mse
787 2654 877 2725 abest,
900 2654 970 2711 alias
993 2656 1072 2726 apud

68 2730 190 2793 Iustinum
204 2740 238 2794 de
253 2740 310 2795 loen
330 2757 386 2796 non
400 2746 563 2811 usurpatur.
587 2739 631 2811 Cf.
647 2740 745 2795 XXII
755 2747 788 2809 5,
804 2745 835 2796 ll
860 2754 992 2808 nusquam
1013 2738 1069 2808 igi-

68 2819 106 2872 Iun
121 2822 184 2877 alibi
199 2822 310 2879 facilius
326 2825 429 2880 beilum
444 2830 503 2879 cett.
526 2823 644 2896 Sernes
657 2823 735 2880 baad
747 2823 825 2879 dubie
837 2838 970 2892 nusquam
986 2821 1080 2893 Ialius‘

69 2903 177 2962 torrens.
205 2906 249 2979 Of.
268 2908 332 2962 Tne.
355 2909 447 2980 Auria.
470 2916 504 2967 10
529 2925 610 2964 unum
633 2908 801 2971 addiderim,
829 2922 963 2976 nusquam
985 2904 1068 2960 letius

69 2982 194 3046 dominari
209 3004 293 3060 mare,
309 2993 421 3048 multum
434 2992 572 3048 fluminum
587 2994 641 3048 bue
656 2992 723 3048 illue
738 2994 814 3049 ferre
829 2994 889 3045 cett.
910 2988 985 3060 Viry.
998 2989 1067 3044 Aen.

73 3065 143 3126 VIII
167 3080 217 3134 671
246 3078 317 3131 baee
343 3077 417 3132 inber
437 3076 534 3132 iumidi
559 3077 616 3132 late
643 3077 727 3132 maris
750 3076 810 3131 ibat
838 3073 940 3144 imago.
969 3071 1066 3128 lustin.

70 3149 145 3208 XIII
160 3160 189 3221 7,
212 3167 244 3218 10
265 3158 427 3216 Aristaeum
450 3162 478 3216 in
494 3160 617 3217 Arcadia
636 3161 692 3216 iate
709 3174 846 3230 regnasse
910 3157 1010 3230 proeui
1025 3157 1068 3214 vi-

70 3234 187 3296 dentibus
207 3244 285 3315 Bony
299 3245 385 3302 ΒΜ.
408 3262 450 3318 pr.
471 3245 628 3301 visentibus
645 3244 680 3299 R.
709 3240 788 3316 θῇς
807 3248 840 3302 18
858 3243 958 3314 procui
971 3241 1067 3314 'inspi-

69 3317 221 3380 cientibus'
259 3322 281 3399 ὅ
299 3335 332 3387 10
352 3330 576 3401 concurrentium
598 3325 685 3402 bunia}
708 3328 774 3383 bium
791 3332 836 3381 tan
857 3327 886 3380 in
906 3328 1005 3381 rueA

70 3399 157 3462 dantes
172 3412 307 3481 vergilius
319 3409 424 3485 (virg.)
440 3413 468 3468 in
483 3410 602 3468 ABGM.
626 3410 763 3482 vergilius
778 3427 830 3465 nm.
845 3409 874 3466 0.
894 3410 992 3465 dantes
1005 3425 1068 3465 ver·
1117 3446 1120 3453 -

70 3483 162 3546 unibus
174 3488 277 3569 (vert.)
293 3496 322 3552 in
333 3496 369 3552 R.
399 3496 511 3570 Verqilii
520 3511 619 3552 numen
632 3497 753 3573 maraine*
761 3494 941 3571 adscriptum,
952 3501 982 3547 ut
992 3495 1069 3547 calor
