2442 3975
78 206 169 261 xxvt
180 208 234 259 ne
422 212 513 260 ursa.
528 211 622 258 euru.
638 211 730 257 uara.
1014 202 1068 261 151

79 369 162 428 ieros
185 368 294 426 animos
318 367 479 441 invaserat,
505 375 535 423 ut
550 381 607 423 non
623 372 779 442 parcerent
797 367 901 441 aetati,
925 368 970 425 cui
987 367 1073 428 etiem

80 452 189 514 hostes.
208 449 431 527 pepercissent,
457 448 626 524 bellumque
653 447 862 506 internecivum
884 466 947 507 cum
971 449 1072 509 liberis
1152 523 1154 526 ι

79 533 297 609 liberorumque
318 529 458 600 matribus
480 539 635 607 gererent,
661 547 715 608 pro
739 530 842 607 quibus
863 530 944 590 bella
963 534 1073 610 suscipi

79 617 187 677 solent.
224 614 325 691 ltaque
349 616 431 692 quasi
453 620 568 673 sceiere
591 615 679 673 vitam
700 613 910 691 victoriamque
933 614 1102 678 redenis-4

80 707 164 775 seut,
183 699 257 757 sicut
271 706 353 756 erant
369 699 480 756 cruenti
497 715 536 757 ex
550 698 663 756 recenti
678 713 796 754 suorum
811 696 948 770 caedes
940 716 968 754 ιιι
984 714 1071 773 proe-

80 783 149 841 lium
169 798 227 839 non
245 780 367 839 meliore
383 789 487 839 eventu
505 798 588 858 quam
606 780 701 840 omine
716 779 957 857 proficiscuntur:
984 781 1070 876 siqui·
1083 795 1099 843 5

79 865 146 923 dem
167 872 328 941 pugnantes
347 852 428 941 pri’os
449 863 669 940 parricidiorum
691 862 785 922 iuriae
800 878 884 939 quam
898 863 1001 922 hostes
1018 865 1073 921 oir-

81 964 277 1025 oumvenere,
309 945 590 1023 obversantibuiqoe
615 955 681 1004 ante
702 944 806 1005 oculos
831 946 962 1005 manibus
984 948 1072 1004 inter·

81 1039 243 1108 emptorum
272 1047 372 1087 omnes
395 1029 547 1088 occidione
571 1029 661 1087 caesi.
702 1026 791 1087 Tanta
811 1036 926 1105 strages
947 1030 1016 1103 luit,
1043 1038 1102 1092 uto

79 1114 190 1189 pariter
211 1129 275 1171 cum
296 1111 458 1171 hominibus
481 1111 508 1170 di
534 1112 722 1170 consensisse
735 1112 764 1169 ιιι
782 1112 900 1170 exitium
915 1111 1072 1188 parricida·

78 1213 141 1253 rum
163 1196 339 1254 viderentur.
374 1194 445 1253 Post
461 1194 544 1253 huius
562 1212 678 1271 pugnae
694 1202 827 1252 eventum
843 1194 1028 1254 Ptolemaeus
1045 1203 1102 1258 eti

79 1277 213 1354 Spartani
237 1279 378 1336 victorem
401 1278 525 1336 hostium
549 1280 709 1336 exercitum
726 1276 905 1336 declinantes
923 1279 952 1335 ιιι
967 1279 1073 1336 tutiora

78 1361 282 1437 serecipiunt.
303 1359 467 1436 Antigonus
484 1377 602 1438 quoque
616 1360 666 1419 ubi
683 1376 784 1417 eorum
802 1359 964 1419 discessum
981 1361 1103 1435 videt,8

78 1444 191 1502 recenti
222 1443 316 1502 adhue
350 1460 387 1501 ex
412 1445 512 1521 priore
539 1444 662 1502 victoria
688 1442 807 1501 militum
833 1444 938 1502 ardore
962 1442 1073 1501 bellum

13 1529 16 1535 '
78 1525 305 1584 Atheniensibus
328 1525 424 1584 infert.
458 1524 491 1583 ln
506 1542 563 1602 quo
581 1543 644 1584 cum
660 1533 820 1602 occupatus
837 1534 933 1599 esset,
955 1522 1099 1589 interimo

79 1607 266 1679 Alexander,
283 1606 454 1684 resupini,
471 1607 574 1665 ulcisci
588 1617 710 1666 mortem
726 1606 817 1684 patris
842 1606 925 1682 Pyrri
950 1608 1073 1684 cupiens

79 1690 152 1747 lines
164 1689 354 1752 Macedoniae
368 1689 573 1766 depopulatur.
594 1688 747 1749 Adversus
759 1706 844 1766 quem
856 1706 920 1748 cnm
931 1707 1071 1748 reversus
1083 1703 1118 1753 10

80 1790 97 1831 a
122 1771 245 1832 Graecia
268 1769 431 1846 Antigonus
452 1781 548 1846 esset,
577 1773 747 1831 transitione
768 1773 886 1832 militum
917 1772 1071 1831 destitutus

78 1873 199 1931 regnum
210 1853 399 1914 Macedoniae
414 1872 477 1912 cnm
494 1857 625 1913 exercitu
639 1856 749 1914 amittit.
772 1854 862 1913 Huius
877 1854 952 1913 lilius
964 1854 1070 1912 Deme·
1082 1867 1115 1918 11

79 1940 168 2013 trius,
192 1956 265 2017 puer
287 1936 456 2013 admodum,
477 1936 599 1998 ahsente
617 1947 700 2015 patre
715 1947 851 2016 reparato
868 1938 1000 1998 exercitu
1016 1955 1074 1996 non

79 2022 173 2081 solum
200 2022 334 2081 amissam
359 2019 559 2081 Macedoniam
583 2023 719 2099 recepit,
752 2039 853 2080 verum
879 2023 965 2080 etiam
990 2020 1074 2097 Epiri

78 2121 172 2180 regno
189 2102 387 2163 Alexandrum
402 2105 520 2182 spoliat.
553 2104 644 2165 Tanta
659 2105 707 2164 rel
723 2104 868 2164 mobilitas
884 2103 1003 2163 militum
1021 2104 1070 2163 vel
1083 2115 1117 2166 12

78 2187 212 2247 fortunae
221 2188 347 2246 varietas
359 2197 431 2264 erat,
444 2199 474 2247 nt
486 2188 614 2247 vicissim
625 2205 715 2264 reges
726 2205 801 2246 nunc
814 2188 927 2261 exules,
942 2187 1072 2264 [exules]

80 2287 156 2330 nunc
171 2288 261 2345 reges
276 2270 453 2329 viderentur.

140 2352 168 2413 3.
192 2351 283 2429 igitur
299 2352 483 2428 Alexander,
507 2371 571 2413 cnm
589 2353 657 2412 exul
681 2354 718 2412 ad
732 2352 900 2412 Acarnanas
924 2351 1100 2428 coniugis-1

81 2445 142 2511 set
164 2453 222 2494 non
235 2438 346 2495 minore
362 2435 559 2513 Epirotarum
563 2435 711 2496 desiderio
729 2454 813 2514 quam
829 2436 978 2495 sociorum
993 2435 1073 2493 auxi·

83 2520 148 2578 lio
141 2538 169 2577 ιιι
184 2537 305 2595 regnum
319 2520 490 2579 restituitur.

143 2601 294 2660 Paridem
315 2612 428 2679 tempus
453 2620 507 2661 rex
528 2600 706 2676 Cyrenarum
727 2601 829 2678 Magus
855 2584 995 2675 decedit,
1023 2601 1100 2678 quis

82 2693 147 2741 ante
166 2684 356 2743 infirmitatem
371 2685 551 2763 Berenicen,
567 2687 679 2744 unicam
696 2685 798 2760 liliam,
816 2683 990 2744 adimenda
1009 2701 1074 2742 oum

81 2765 250 2825 Ptolemaeo
266 2766 355 2826 fratre
372 2770 527 2827 certamina
541 2730 602 2826 lilio
619 2771 680 2826 eins
696 2768 904 2846 desponderat.
933 2765 992 2826 Sed
1006 2773 1102 2842 post3

82 2856 204 2907 mortem
230 2850 310 2924 regis
335 2846 427 2908 mater
454 2851 575 2926 virginis
600 2850 744 2924 Arsinoe,
772 2860 803 2909 ut
824 2853 912 2909 invita
941 2867 974 2907 se
1004 2865 1072 2906 oon·

81 2939 203 2990 tractum
222 2933 431 2992 matrImonium
453 2934 638 3008 solveretur,
661 2935 737 2992 misit
757 2936 805 3011 qui
827 2934 863 2992 ad
885 2933 998 3010 nuptias
1016 2933 1073 2988 vir·

81 3014 156 3089 ginis
185 3033 365 3093 regnumque
396 3013 575 3088 Cyrenarum
604 3016 805 3095 Demetrium,
843 3015 962 3075 fratrem
992 3014 1073 3087 regis

82 3097 235 3173 Antigoni,
265 3117 281 3159 a
302 3098 473 3159 Macedonia
496 3108 700 3174 arcesserent,
735 3101 783 3177 qui
807 3099 925 3177 etipse
951 3115 990 3155 ex
1015 3095 1073 3154 filia

82 3178 242 3240 Ptolemaei
258 3192 431 3258 procreatus
447 3191 518 3242 erat
539 3183 602 3242 Sed
617 3201 673 3242 nec
685 3183 851 3241 Demetrius
866 3198 975 3240 moram
989 3180 1070 3239 iecit
1083 3189 1102 3239 4

81 3259 182 3340 ltaque
204 3281 269 3321 cum
291 3266 470 3325 secundante
486 3274 575 3324 vento
592 3266 732 3326 celeriter
747 3264 888 3339 Cyrenas
894 3263 1091 3335 advolasset,

83 3342 185 3440 fiducia
209 3345 447 3423 pulchritudinis,
469 3350 535 3425 qnia
550 3349 651 3407 animis
665 3349 785 3427 placere
802 3364 905 3406 socrus
921 3351 1074 3422 coeperat,
