2442 3975
59 3 94 23 Ἴ..

74 219 184 303 xxxo
198 254 253 305 aa
408 261 499 310 msa.
514 262 607 308 reru.
625 262 715 309 nera.
748 224 755 230 “
995 251 1056 312 177

75 412 249 490 prolatoque
272 422 389 472 senatus
410 412 531 472 decreto
552 422 581 473 et
604 414 727 489 tradito,
751 434 814 473 cum
836 418 964 476 cunctari
991 428 1087 480 cuma

73 494 188 553 videret
206 497 504 574 consultationemque
526 496 562 555 ad
582 497 692 556 amicos
713 497 843 573 referre,
864 498 904 557 ibi
926 498 1055 574 Popilius

73 577 172 653 virga,
190 584 274 654 quam
294 580 322 637 in
341 595 424 638 manu
446 579 590 655 gerebat,
612 580 708 656 amplo
723 581 833 639 circulo
853 580 1008 655 inclusum,
1027 591 1057 639 ut

73 661 183 718 amicos
202 671 338 737 caperet,
360 662 515 720 consulere
535 679 588 720 eos
611 662 690 721 iubet
711 680 768 721 nec
788 666 867 741 prius
890 664 955 722 inde
974 665 1055 722 exire
1079 733 1081 735 g

55 748 158 818 ‘quam
179 756 350 820 responsum
368 745 479 803 senatui
499 743 597 818 daret,
623 754 670 803 aut
686 763 786 823 pacem
801 756 849 805 aut
867 745 974 805 bellum
993 763 1056 803 cum

73 824 210 883 Romanis
228 824 397 885 babituram.
423 826 567 905 Adeoque
583 826 658 887 baec
669 830 824 889 austeritas
840 830 960 888 animum
976 830 1085 904 regist

73 907 176 983 fregit,
198 917 229 967 ut
250 910 406 987 pariturum
426 926 458 967 se
484 911 595 968 senatui
619 911 820 988 responderet.
863 911 1011 970 Reversus
1029 912 1084 976 ins

72 1008 192 1066 regnum
204 989 364 1051 Antiochus
377 984 493 1051 decedit
503 991 607 1051 relicto
620 994 741 1070 parvulo
755 993 905 1054 admodum
918 995 993 1053 filio:
1013 992 1086 1058 cuit

73 1091 139 1132 cum
154 1081 264 1133 tutores
280 1074 338 1134 dati
353 1092 369 1133 a
385 1075 495 1153 populo
518 1084 635 1151 essent,
657 1085 774 1153 patruus
796 1079 859 1135 eius
879 1077 1055 1152 Demetrius,

73 1157 122 1233 qui
137 1155 226 1216 obses
242 1155 352 1216 Romae
369 1167 448 1232 erat,
467 1159 583 1234 cognita
596 1168 689 1217 morte
705 1160 801 1219 fratris
819 1157 955 1219 Antiochi
973 1176 1056 1219 sena·

72 1248 130 1297 tuna
148 1239 233 1299 adiit:
252 1238 382 1301 obsidem
398 1259 431 1299 se
442 1241 510 1300 vivo
523 1240 613 1300 fratre
627 1244 761 1317 venisse,
775 1260 832 1319 quo
845 1251 959 1301 mortuo
976 1243 1057 1302 cuius

72 1406 137 1464 dum
152 1423 274 1484 aequum
293 1424 376 1481 esse,
394 1406 470 1483 quod
489 1407 550 1465 iure
562 1409 690 1482 gentium
703 1410 804 1468 maiori
818 1409 899 1468 fratri
917 1410 1056 1468 cesserit:

71 1490 111 1546 ita
124 1507 198 1547 nunc
214 1489 284 1564 sibi,
309 1491 358 1566 qui
380 1488 520 1568 pupillum
541 1498 637 1548 aetate
654 1491 822 1567 antecedat,
842 1491 953 1550 deberi.
985 1489 1085 1555 cumb

72 1588 180 1629 senon
197 1570 298 1630 dimitti
312 1570 585 1631 animadvertereta
602 1581 719 1647 senatu,
736 1574 826 1632 tacito
841 1574 948 1633 iudicio
970 1576 1057 1633 tutius

71 1652 148 1730 apud
163 1653 302 1730 pupillum
326 1671 409 1730 quam
430 1654 506 1731 apud
522 1672 586 1713 eum
602 1673 723 1731 regnum
738 1655 861 1714 futurum
883 1654 1055 1729 arbitrante,

72 1735 174 1813 specie
191 1734 313 1794 venandi
335 1734 371 1796 ab
391 1736 462 1795 urbe
484 1736 636 1814 profectus
658 1737 746 1797 Ostiis
765 1739 870 1797 tacitus
887 1756 951 1797 cunr
968 1739 1055 1815 fugae

72 1817 224 1877 comitibus
244 1835 346 1878 navem
374 1819 551 1879 conscendit.
589 1817 711 1879 Delatus
733 1824 761 1879 in
787 1821 898 1895 Syriam
923 1822 1082 1886 secuud09

70 1902 172 1961 favore
189 1903 313 1961 omnium
329 1903 490 1978 excipitur,
509 1919 688 1982 regnumque
704 1905 732 1963 ei
744 1903 844 1963 occiso
858 1903 968 1981 pupillo
983 1921 999 1962 a
1014 1913 1055 1963 tu·
1132 1963 1139 1975 ,

70 1983 180 2044 toribus
197 1985 328 2045 traditur.

131 2069 161 2128 4.
190 2066 303 2128 Eodem
318 2069 383 2128 fere
406 2077 540 2142 tempore
562 2069 694 2144 Prusias,
710 2089 763 2129 rex
778 2070 945 2146 Bithyniae,
961 2071 1083 2132 consi-1

68 2152 137 2212 lium
153 2153 231 2230 cepit
245 2151 437 2211 interficiendi
451 2150 617 2224 Nicomedis
634 2152 700 2228 tilii,
717 2153 781 2213 dum
794 2153 948 2217 consulere
962 2152 1057 2211 studet

69 2235 227 2294 minoribus
245 2235 330 2310 dbis,
348 2252 422 2312 quos
437 2253 476 2293 ex
492 2251 620 2294 noverca
638 2237 700 2295 eius
717 2244 889 2314 susceperat
906 2244 935 2295 et
946 2233 1056 2294 Romae

68 2317 204 2378 babebat.
234 2318 293 2378 Sed
315 2336 366 2377 res
389 2317 570 2377 adulescenti
592 2318 627 2376 ab
649 2320 700 2394 iis,
718 2320 766 2397 qui
786 2319 898 2379 facinus
915 2329 1084 2396 suscepet

68 2411 148 2479 rant,
164 2401 310 2480 proditur;
326 2401 490 2479 hortatique
507 2410 587 2476 sunt,
604 2411 635 2461 ut
653 2402 825 2464 crudelitate
841 2404 930 2480 patris
948 2418 1055 2479 provo·

69 2493 150 2543 catus
168 2494 292 2563 occupet
308 2484 424 2544 insidias
436 2485 504 2543 etin
515 2493 664 2544 auctorem
676 2495 845 2563 retorqueat
861 2485 970 2547 scelus.
992 2483 1055 2543 Nec

69 2566 194 2627 difficilis
208 2569 360 2646 persuasio
378 2567 440 2627 tuit.
472 2567 563 2645 Igitur
578 2586 642 2626 cum
658 2570 769 2628 accitus
785 2570 812 2627 in
828 2584 948 2646 regnum
964 2569 1085 2646 patris3

66 2652 213 2725 venisset,
235 2652 329 2710 statim
346 2668 400 2710 rex
421 2650 594 2729 appellatur.
627 2651 742 2712 Prusias
763 2669 856 2729 regno
881 2651 1022 2730 spotiatus
1040 2660 1085 2711 ad
1155 2718 1160 2728 ¹

68 2731 129 2791 utin
143 2733 337 2809 ,privatusque
358 2733 487 2793 redditus
505 2735 591 2792 etiam
605 2752 621 2792 a
638 2736 732 2794 servis
752 2734 905 2794 deseritur.
922 2730 1011 2802 ⁸(lum
1027 2734 1084 2793 ino

67 2814 189 2874 latebris
204 2823 323 2891 ageret,
341 2833 399 2877 non
414 2817 515 2874 minori
538 2816 653 2875 scelere
675 2835 758 2895 quarn
775 2817 862 2877 fliium
883 2815 979 2874 occidi
997 2815 1054 2871 ius·

65 2907 164 2974 serat,
179 2914 197 2957 a
212 2896 272 2956 utic
288 2898 466 2957 interficitur.

111 3575 273 3619 IUS'HNUB.
377 3593 385 3607 ·
