2442 3975
65 160 137 212 xm
153 162 207 212 aa
414 147 506 214 ausu.
523 166 617 214 earn.
634 167 725 213 narr.
1002 153 1063 214 203

63 324 142 383 date
158 320 322 379 laxamento
336 335 457 394 regnum
469 317 630 377 Parthicum
641 316 755 392 format,
772 318 889 390 militem
902 317 984 394 legit,
1001 334 1064 379 cas·

63 406 144 465 tella
162 404 266 476 munit,
289 402 422 459 civitates
442 401 559 469 firman,
571 399 671 458 urbem
693 417 809 478 quoque
830 403 944 459 nomine
959 400 1093 462 llaramb

63 490 97 548 in
118 496 219 546 monte
234 484 438 561 Zapaortenon
457 483 569 557 condit,
589 483 669 541 cuius
685 482 743 542 loci
760 501 794 542 ea
810 483 942 542 condicio
958 492 1017 558 est,
1035 492 1065 541 ut

32 574 36 581 '
64 587 171 647 neque
196 568 327 626 munitius
349 567 501 643 quicquam
524 583 590 623 esse
612 582 706 642 neque
723 568 870 625 amoenius
890 567 994 642 possit.
1026 564 1098 630 lta3

64 656 150 713 enim
172 661 201 715 et
224 651 390 727 praeruptis
409 647 528 725 rupibus
549 647 674 724 undique
694 651 833 725 cingitur,
855 657 886 706 ut
899 648 988 706 tutela
1006 647 1064 706 loci

22 748 26 754 “
64 735 159 795 nullis
178 731 381 811 defensoribus
400 739 502 807 egeat;
525 740 554 788 et
572 730 629 789 soli
646 731 876 790 circumiacentis
892 730 1064 790 tantauher·

64 829 127 892 tas,
147 825 178 874 ut
191 816 317 894 propriis
334 813 438 891 opibus
454 813 618 890 expleatur,
633 812 753 872 fontium
770 832 804 873 ac
818 814 953 872 silvarum
970 831 1005 871 ea
1018 822 1094 871 col

65 904 120 979 pia
140 907 203 973 est,
220 907 249 956 ut
271 903 307 955 et'
322 914 458 974 aquarum
477 896 649 955 abundantia
668 897 808 972 irrigetur
831 906 860 955 et
882 897 1065 954 venationum
1186 968 1189 974 Ι

64 981 271 1058 voluptatibus
293 988 461 1039 exornetur.
492 980 542 1037 Sic
558 977 686 1037 Arsaces
704 981 836 1055 quaesito
853 979 936 1037 simul
958 980 1063 1037 consti·
1076 993 1092 1041 5

65 1074 196 1143 tutoque
216 1079 308 1138 regno
327 1079 385 1120 non
406 1062 497 1120 minus
517 1061 713 1120 memorabilis
733 1062 844 1121 Parthis
861 1080 944 1141 quam
967 1062 1064 1121 Persis

65 1146 180 1222 Cyrus,
197 1144 405 1204 Macedonibus
416 1144 601 1218 Alexander,
617 1143 754 1203 Romanis
777 1143 932 1219 Romulus,
954 1153 1065 1202 matura

65 1237 226 1290 senectute
243 1227 369 1301 decedit,
386 1230 467 1286 cuius
482 1228 638 1301 memoriae
658 1227 733 1286 hunc
753 1227 893 1286 honorem
908 1189 1004 1286 Parthi
1016 1227 1064 1285 tri·
1076 1237 1094 1289 6

64 1314 211 1384 buerunt,
227 1320 257 1369 ut
272 1327 373 1370 omnes
388 1311 493 1369 exinde
506 1327 595 1385 reges
611 1326 681 1368 suos
695 1311 815 1370 Arsacis
828 1311 943 1368 nomine
959 1327 1064 1367 nuncu·

65 1406 153 1475 pent.
186 1394 274 1452 Huius
296 1394 371 1452 iilius
396 1401 425 1451 et
447 1409 603 1452 successor
625 1394 725 1468 regni,
746 1393 876 1452 Arsaces
891 1401 920 1452 et
935 1395 999 1470 ipsc
1013 1402 1092 1455 rto-7

65 1481 164 1552 mine,
193 1477 334 1535 adversus
359 1476 533 1539 Antiochum
562 1475 680 1534 Seleuci
702 1475 788 1534 hlium
815 1485 926 1534 centum
950 1474 1064 1533 utilibus

65 1561 201 1640 peditum
219 1568 248 1616 et
262 1557 317 1616 XX
332 1557 446 1616 milibus
462 1560 588 1636 equitum
602 1558 770 1616 instructum
786 1560 857 1617 mira
872 1559 976 1615 virtute
992 1575 1063 1634 pug-

65 1643 165 1705 navit:
190 1639 226 1698 ad
242 1649 417 1717 postremum
439 1641 649 1699 insacietatem
661 1658 724 1698 erus
739 1640 905 1717 adsumptus
916 1648 977 1697 est
994 1637 1065 1697 'ler-
1076 1650 1095 1702 8

65 1727 129 1785 tius
153 1721 266 1781 Parthis
283 1740 337 1780 rex
355 1722 515 1799 Priapatius
526 1723 593 1798 fuit,
619 1722 671 1781 sed
688 1732 717 1781 et
735 1724 799 1800 ipse
816 1723 943 1781 Arsaces
960 1722 1063 1783 dietus

67 1807 158 1904 [Nam
177 1805 250 1863 sicut
263 1822 349 1880 supra
367 1804 541 1878 dictumest,
556 1822 656 1863 omues
671 1823 774 1882 reges
778 1823 846 1864 suos
864 1806 921 1864 hcc
937 1807 1062 1878 nomine,

66 1889 157 1948 sicuti
172 1886 292 1968 Romani
311 1885 455 1945 Caesares
471 1887 690 1964 Angustosque,
712 1888 980 1964 cognominavere}
1009 1887 1093 1950 Hictl

66 1973 146 2031 actis
162 1971 190 2028 in
209 1970 301 2045 regino
315 1968 370 2029 XV
384 1970 465 2029 aunis
479 1969 607 2029 decessit
619 1970 729 2030 relictis
743 1970 855 2030 duobus
864 1970 940 2045 filiis,
956 1969 1063 2029 Mithri·

67 2056 139 2114 date
155 2061 183 2111 et
199 2052 494 2129 Phrahate,quorum
509 2053 790 2129 meiorPhrahates,
805 2072 886 2114 more
902 2054 1063 2129 gentishe·
1108 2123 1111 2129 ⁴

66 2155 119 2196 res
136 2136 231 2211 regni,
249 2133 382 2207 Mardos,
398 2135 520 2198 validam
534 2145 667 2210 gentem,
685 2136 765 2196 belle
781 2137 887 2197 domuit
907 2137 1064 2196 necmulto

66 2228 139 2297 post
151 2217 280 2276 decessit
295 2181 426 2294 pluribus
443 2218 509 2277 filiis
524 2218 651 2277 relictis:
670 2219 773 2317 quibus
795 2221 958 2299 praeteritis
981 2219 1063 2278 fratri
1073 2231 1108 2282 10

67 2302 251 2379 potissimum
272 2298 474 2377 Mithridati,
466 2301 585 2376 msignis
606 2302 717 2360 virtutis
734 2303 814 2378 viro,
837 2303 982 2379 reliquit
974 2320 1074 2379 impe·

66 2387 157 2460 rium,
174 2383 240 2461 plus
258 2384 342 2459 regio
355 2401 439 2461 quam
457 2385 550 2460 patrio
566 2383 670 2443 deberi
687 2386 792 2444 nomini
813 2395 892 2444 ratus
909 2386 1064 2464 potiusque

67 2469 181 2545 patriae
197 2483 281 2543 quam
292 2466 392 2525 liberis
407 2466 624 2532 consulendum.

133 2551 163 2611 6.
191 2548 301 2614 Eodem
323 2550 415 2608 ferme
433 2559 582 2627 tempore,
603 2550 708 2607 sicut
700 2568 727 2607 ιιι
744 2550 855 2609 Parthis
871 2506 1091 2625 Mithridates,1

67 2634 108 2692 ita
125 2635 154 2690 in
171 2632 282 2691 Bactris
296 2631 494 2707 Eueratides,
507 2634 603 2707 magni
620 2642 743 2710 uterquc
757 2635 830 2709 viri,
847 2651 937 2709 regna
954 2631 1063 2692 ineunt.

68 2715 130 2773 Sed
147 2714 315 2772 Parthorum
328 2713 443 2773 fortuna
458 2715 574 2775 felicior
588 2716 625 2775 ad
641 2732 778 2776 summum
792 2715 850 2775 hoc
862 2716 935 2775 duce
952 2716 1064 2792 imperii
1076 2726 1094 2776 2

66 2796 216 2871 fastigium
230 2812 283 2854 eos
301 2795 389 2855 duxit.
423 2797 567 2857 Bactriani
581 2807 676 2857 autem
698 2800 845 2874 pervarie
866 2798 945 2856 bella
966 2797 1093 2861 iactatis

68 2895 128 2936 uon
143 2896 263 2954 regnum
278 2887 398 2952 tantum,
421 2883 521 2938 veru'm
544 2881 629 2939 etiam
650 2881 812 2939 libertatem
834 2881 1004 2953 amiserunt,
1025 2880 1062 2936 si·

68 2960 185 3037 quidem
201 2961 413 3037 Sogdianorum
422 2962 695 3043 [etArachctorum]
705 2962 918 3037 etDrangarum
935 2969 964 3019 et
980 2946 1065 3020 Aric-
1107 2984 1109 2987 ·

68 3060 131 3102 rum
147 3044 339 3121 ludorumque
358 3043 446 3103 bellis
464 3044 574 3122 fatigati
590 3047 626 3105 ad
641 3055 818 3143 postremum
837 3044 872 3101 ab
889 3043 1062 3102 invalidiori-

68 3123 124 3184 bus
139 3127 250 3186 Parthis
264 3127 343 3186 velut
359 3145 524 3203 exsangues
541 3131 761 3212 oppressisunt.
790 3127 878 3186 lllulta
893 3135 988 3186 tamen
1005 3126 1061 3185 Ειι·
1074 3137 1092 3189 4

70 3208 197 3268 cratides
211 3208 290 3268 bella
304 3226 407 3285 magna
425 3211 530 3269 virtute
547 3214 654 3286 gessit,
672 3191 776 3288 quibus
792 3211 911 3269 adtritus
931 3227 995 3269 cum
1010 3209 1062 3269 ob·

68 3289 212 3350 sidionem
229 3290 368 3350 Demetrii
389 3295 471 3368 regis
493 3292 627 3351 ludorum
647 3302 810 3370 pateretur,
833 3310 896 3351 cum
915 3290 989 3351 CCC
1011 3284 1097 3351 mist

68 3370 167 3433 litibus
182 3373 232 3433 LX
245 3374 322 3433 milia
340 3371 467 3440 hostiurn
489 3374 617 3434 adsiduis
638 3376 834 3451 eruptionibus
854 3376 932 3435 vicit.
955 3374 1062 3447 Quinto
