2442 3975
151 174 209 235 172
532 185 640 234 uaoar
657 181 790 233 eonem
966 174 1069 228 xxxn
1081 178 1107 230 a.
1124 180 1146 229 a.

148 340 332 420 perpulerat,
356 339 536 419 fecissetque
553 339 691 417 Romanis
707 356 798 415 grave
819 337 946 418 bellum,
963 341 1016 397 nisi
1036 338 1141 397 deces-

119 426 244 488 6sisset.
285 422 417 498 Namque
443 422 517 483 Galli
548 423 628 483 bello
653 423 794 482 adversus
819 421 953 499 Delphos
984 423 1142 481 infeliciter

149 516 247 584 gesto,
263 508 291 564 in
307 523 363 582 quo
378 508 516 565 maiorem
533 509 590 565 vim
601 508 722 565 numinis
738 523 822 585 quam
837 505 960 565 hostium
976 516 1140 581 senserant,

150 591 256 649 amisso
275 589 389 670 Brenno
409 590 482 649 duce
505 608 573 667 pars
594 592 623 649 in
645 590 759 664 Asiam,
778 587 846 667 pa'rs
870 590 898 648 in
917 589 1069 649 Thraciam
1085 609 1140 650 err·

120 684 246 737 ‘ttorres
264 673 407 749 ingerant.
449 673 519 732 Inde
543 691 596 750 per
617 673 719 732 eadem
739 673 880 747 vestigia,
909 692 965 751 qna
987 682 1139 748 venerant,

121 757 294 834 &antiquam
310 758 430 833 patriam
446 758 622 833 repetivere.
644 756 690 815 Ex
707 756 750 814 his
762 773 861 814 manus
873 757 1013 834 quaedam
1027 758 1055 815 in
1071 774 1140 815 con-

150 841 257 899 iluente
277 839 400 898 Danuvii
416 849 444 898 et
459 840 527 899 Sevi
544 840 676 899 consedit
696 838 930 917 Scordiscosque
945 858 977 899 se
997 840 1141 917 appellari

123 923 253 986 evaluit.
286 921 442 999 Tectosagi
457 933 568 998 autem,
586 941 650 983 cum
664 924 692 980 in
709 924 852 1001 antiquam
866 925 986 1002 patriam
1002 922 1141 982 Tolosam

150 1008 299 1065 venissent
310 1007 562 1083 comprehensique
579 1007 718 1084 pestilera
734 1007 782 1065 lue
797 1016 912 1082 essent,
929 1024 986 1065 non
1002 1008 1080 1083 prius
1095 1025 1141 1066 sa·

150 1091 268 1148 nitatem
286 1091 494 1167 reciperavere
511 1107 595 1167 quam
613 1090 796 1168 haruspicum
812 1092 963 1188 responsis
977 1090 1076 1148 moniti
1092 1108 1142 1149 au-

151 1191 213 1231 rum
236 1177 445 1251 argentumque
466 1172 553 1232 bellis
575 1174 797 1258 sacrilegiisque
819 1174 978 1250 quaesitum
1000 1175 1028 1231 in
1051 1172 1143 1236 Tolo-

110 1268 143 1319 10
154 1273 269 1315 sensam
287 1256 381 1314 lacum
400 1265 583 1332 mergerent,
606 1257 684 1334 quod
706 1274 790 1315 omne
805 1273 910 1333 magno
926 1266 994 1333 post
1008 1267 1144 1333 tempore

152 1336 271 1416 Caepio
277 1337 423 1397 Romanus
440 1340 542 1398 consul
559 1339 686 1399 abstulit
707 1339 802 1399 Fuere
813 1349 906 1400 autem
919 1342 1030 1417 argenti
1043 1340 1144 1418 pondo

152 1430 266 1480 centum
286 1421 388 1480 decem
408 1421 499 1497 milia,
528 1423 588 1481 auri
610 1423 709 1500 pondo
731 1423 883 1501 quinquies
905 1423 1005 1483 decies
1029 1432 1145 1483 centum

109 1505 242 1568 llmilia
278 1503 363 1577 Quod
380 1506 566 1582 sacrilegium
588 1525 675 1565 causa
699 1506 804 1565 excidii
826 1505 967 1591 Caepioni
987 1508 1143 1566 exercitui·

152 1605 209 1664 que
232 1588 294 1646 eius
315 1597 418 1665 postea
441 1588 503 1648 fuit.
542 1588 689 1652 Romanos
712 1607 828 1668 quoque
851 1587 987 1649 Cimbrici
1008 1590 1080 1649 belli
1101 1601 1144 1649 tu·

111 1682 143 1734 12
155 1670 260 1728 multus
277 1671 357 1730 velut
370 1672 447 1732 ultor
465 1690 566 1732 sacrae
582 1679 726 1751 pecuniae
748 1676 896 1739 insecutus
912 1683 967 1734 est.
991 1673 1037 1732 Ex
1055 1681 1145 1749 gente

152 1753 384 1830 Tectosagarum
400 1772 457 1813 non
473 1757 630 1816 mediocris
649 1757 775 1834 populus
793 1756 921 1833 praedae
937 1756 1090 1816 dulcedine
1107 1754 1144 1815 ll·

72 1875 75 1881 ·
151 1837 275 1911 lyricum
294 1839 431 1916 repetivit
453 1839 644 1917 spoliatisque
664 1840 768 1898 llistris
783 1840 811 1898 in
832 1840 978 1900 Pannonia
1000 1839 1144 1899 consedit.

111 1931 145 1984 13
155 1919 317 1979 Histrorum
329 1930 446 1998 gentem
458 1923 531 1982 lama
543 1933 588 1982 est
600 1925 740 2001 originem
752 1941 768 1983 a
782 1920 902 1982 Colchis
915 1923 1032 1998 ducere,
1048 1923 1147 1981 missis

153 2003 189 2064 ab
206 2004 299 2064 Aeeta
316 2023 388 2082 rege
400 2006 436 2065 ad
449 2007 634 2082 Argonautas
644 2017 855 2085 raptoremque
871 2009 948 2067 iiliae
962 2024 1147 2085 persequen-

110 2097 145 2150 14
157 2087 227 2145 dos:
247 2090 295 2165 qui
312 2097 342 2148 ut
358 2106 374 2148 a
393 2088 485 2149 Ponto
503 2092 679 2150 intraverunt
699 2090 842 2166 Histrum,
864 2091 949 2150 alveo
970 2091 1038 2150 Sari
1054 2090 1146 2149 ilumi·

154 2172 199 2230 nis
215 2172 329 2255 penitus
341 2174 448 2231 invecti
466 2175 589 2249 vestigia
606 2173 836 2250 Argonautarum
851 2176 1040 2251 insequentes
1056 2191 1148 2232 naves
1189 2198 1191 2201 ·

155 2272 222 2313 suas
242 2256 348 2314 umeris
365 2273 418 2333 per
434 2259 500 2333 iuga
519 2259 653 2317 montium
669 2270 761 2334 usque
783 2257 818 2316 ad
835 2258 901 2317 litus
911 2256 1070 2317 Hadriatici
1088 2275 1148 2316 ma·

156 2337 196 2394 ris
218 2339 443 2413 transtulerunt,
462 2342 580 2416 cognito
606 2342 684 2418 quod
706 2341 894 2417 Argonautae
922 2341 996 2400 idem
1024 2349 1150 2417 propter

112 2430 145 2482 15
158 2421 379 2495 magnitudinem
393 2424 474 2482 navis
488 2426 603 2501 priores
616 2425 771 2483 iecissent:
787 2442 861 2503 quos
874 2432 1034 2482 utarectos
1044 2421 1151 2482 Colchi

154 2519 212 2560 non
228 2515 440 2581 reppererunt,
458 2507 519 2565 sive
539 2517 617 2566 metu
640 2509 719 2584 regis
738 2508 799 2566 sive
823 2508 917 2567 taedio
940 2507 1048 2583 longae
1069 2507 1150 2565 navi·

154 2587 280 2661 gationis
304 2589 381 2648 iuxta
404 2588 567 2667 Aquileiam
593 2591 757 2650 consedere
779 2590 923 2670 Histrique
947 2608 984 2648 ex
1001 2590 1150 2649 vocabulo

156 2672 261 2746 amnis,
278 2689 335 2748 quo
353 2689 368 2731 a
384 2675 454 2732 mari
471 2683 694 2749 corroesserant,
711 2675 860 2752 appellati.

113 2761 148 2816 16
221 2754 293 2814 Daci
310 2771 427 2834 quoque
444 2757 565 2816 suboles
581 2756 717 2817 Getarum
732 2766 810 2816 sunt:
828 2760 876 2834 qui
893 2775 957 2816 cum
973 2755 1063 2815 Orole
1076 2773 1150 2831 rege

155 2836 295 2896 adversus
315 2836 470 2899 Bastarnas
492 2841 567 2900 male
581 2851 780 2918 pugnassent,
798 2841 833 2900 ad
849 2842 989 2900 ultionem
1007 2840 1151 2916 segnitiae

155 2923 267 2998 capturi
283 2937 413 2981 somnum
426 2926 521 2998 capita
531 2915 604 2984 loco
620 2924 726 3001 pedum
741 2940 854 3006 ponere
872 2926 951 2982 iussu
964 2925 1043 2999 regis
1060 2939 1150 2997 coge·

154 3002 260 3062 bantur
281 3006 496 3085 ministeriaque
522 3008 679 3082 uxoribus,
702 3024 776 3085 quae
799 3009 871 3084 ipsis
901 3016 967 3065 ante
989 3006 1051 3064 lieri
1070 3005 1151 3064 sole·

154 3085 239 3163 bant,
263 3087 373 3149 iacere.
406 3088 509 3168 Neque
530 3091 605 3150 haec
625 3100 690 3149 ante
712 3100 817 3151 mutata
842 3100 907 3149 sunt
925 3107 1011 3168 quam
1029 3085 1151 3165 ignomi-

153 3170 229 3229 niam
245 3171 325 3230 bello
343 3183 496 3250 acceptam
512 3175 621 3233 virtute
637 3173 779 3232 delerent.

125 3262 142 3313 1
218 3255 248 3312 4.
272 3253 363 3330 igitur
381 3256 523 3330 Perseus,
548 3276 611 3316 cum
635 3258 757 3334 imperio
775 3256 899 3334 Philippi
921 3256 1013 3334 patris
1032 3271 1151 3312 succes·

154 3336 259 3409 sisset,
286 3354 388 3396 omnes
407 3339 460 3398 has
475 3349 580 3416 gentes
599 3340 752 3400 adversum
769 3338 940 3398 Romanos
933 3357 961 3398 ιιι
979 3337 1153 3396 societatem

103 3414 226 3473 belli
243 3418 429 3479 sollicitabat.
