2442 3975
79 267 133 320 ιιι
368 234 371 239 ’
417 272 723 347 ussermannus.
1043 259 1082 321 13

79 447 184 488 ruere:
198 428 308 506 quippe
320 445 384 486 cum
399 427 456 504 ipsi
467 426 588 487 Parthos
601 426 839 505 Bactrianosque,
852 425 975 486 feminae
987 434 1082 487 autem
1096 438 1114 491 3

81 528 182 571 eorum
198 511 376 571 Amazonum
400 528 490 586 regna
514 509 710 585 condiderint,
736 526 857 588 prorsus
872 519 965 569 utres
979 518 1080 586 gestas
1095 519 1113 572 4

79 597 207 655 virorum
219 593 427 670 mulierumque
440 592 692 654 considerantibus
707 596 846 652 incertum
861 594 908 668 sit,
924 601 988 651 uter
1005 591 1082 670 apud

79 696 134 736 eos
146 696 235 736 serus
248 677 395 735 inlustrior
407 677 502 736 luerit.
528 676 701 751 Scytharum
712 694 787 753 gens
799 677 993 754 antiquissima
1007 693 1079 735 sem·
1095 687 1112 739 5

82 758 263 839 perhabita,
286 777 455 837 quamquam
474 761 550 819 inter
564 759 689 834 Scythas
710 768 739 818 et
755 761 921 836 Aegyptios
942 757 990 817 diu
1013 775 1080 817 con·

82 844 173 902 tentio
190 841 225 901 de
242 844 360 917 generis
380 850 524 901 uetustate
540 842 642 902 luerit:
665 843 822 920 Aegyptiis
839 840 1081 920 praedicantibus,
1096 851 1114 905 o

79 927 161 985 initio
182 943 295 1000 rerum,
318 942 381 983 curn
400 925 474 984 aliae
492 933 588 984 terrae
603 927 690 985 nimio
709 926 829 984 fervore
844 926 917 986 solis
934 924 1082 1001 arderent,

79 1009 157 1068 aliae
170 1012 301 1085 rigerent
313 1007 432 1083 frigoris
445 1008 623 1084 inmanitate,
642 1009 680 1068 ita
697 1017 728 1067 ut
741 1026 800 1067 non
812 1009 897 1069 modo
909 1010 1017 1089 primae
1029 1026 1081 1085 ge·

79 1111 185 1152 merare
199 1092 340 1166 homines,
355 1090 406 1149 sed
419 1109 455 1149 ne
467 1091 594 1150 advenas
605 1091 720 1168 quidem
731 1093 867 1170 recipere
881 1110 915 1151 ac
927 1094 1000 1151 tueri
1014 1110 1081 1171 pos-

80 1184 162 1250 sent,
184 1177 349 1253 priusqnam
367 1173 508 1233 adversus
527 1173 655 1233 calorem
672 1175 719 1234 uel
737 1174 830 1251 frigus
842 1175 1004 1235 velamenta
1017 1194 1081 1234 cor·

81 1254 162 1338 poris
183 1260 381 1317 invenirentur
397 1256 444 1316 vel
465 1256 597 1316 locorum
615 1258 683 1317 uitia
700 1259 837 1335 quaesitis
862 1269 923 1318 arte
945 1259 1082 1318 remediis

80 1342 275 1417 mclllrentur,
293 1341 461 1419 Aegyptum
478 1342 515 1399 ita
526 1349 715 1417 temperatam
733 1360 850 1420 semper
861 1343 967 1417 luisse,
984 1352 1014 1401 ut
1031 1350 1112 1405 nel

81 1444 137 1504 que
151 1424 270 1484 hiberna
287 1425 399 1500 frigora
417 1441 472 1483 nec
484 1425 586 1483 aestivi
598 1423 671 1483 solis
682 1424 804 1484 ardores
817 1426 928 1485 incolas
941 1428 1003 1485 eius
1015 1444 1080 1504 pne·

81 1518 209 1584 merent,
228 1508 322 1567 solum
339 1510 378 1567 ita
395 1506 565 1582 icoundurn,
582 1518 613 1567 ut
629 1508 828 1567 alimentorum
845 1511 873 1567 in
894 1528 975 1568 usum
992 1508 1081 1569 bomi-
1095 1520 1114 1572 8

81 1610 146 1651 num
158 1592 235 1651 nulla
248 1601 325 1651 terra
340 1591 468 1651 feracior
485 1592 582 1651 luerit.
615 1590 681 1649 lure
695 1594 783 1667 igitur
801 1591 840 1651 ibi
859 1593 979 1671 primunr
992 1591 1080 1652 homi·
1095 1603 1113 1655 9

82 1694 134 1734 nes
145 1684 229 1734 natos
241 1675 334 1734 videri
346 1673 471 1749 debere,
485 1673 533 1732 ubi
545 1673 663 1732 educari
673 1674 810 1733 facillime
823 1684 953 1754 possent.
974 1674 1123 1738 coneraio

81 1758 208 1833 Scythae
228 1758 301 1817 caeli
325 1765 580 1836 temperamentum
603 1755 711 1815 nullum
733 1776 800 1817 esse
823 1761 973 1818 vetustatis
996 1777 1080 1835 angu-

80 1851 205 1902 mentum
218 1840 369 1919 putabant:
395 1842 504 1919 quippe
522 1849 670 1914 naturam,
693 1858 756 1899 oum
772 1841 892 1919 primum
905 1844 1119 1904 incrementall

82 1926 189 1986 caloris
201 1942 237 1983 ac
254 1924 374 2001 frigoris
391 1922 561 2000 regionibus
578 1923 720 1999 distinxit,
733 1925 826 1982 statim
839 1925 874 1983 ad
887 1924 1018 1984 locorum
1031 1941 1079 2003 pa·

80 2012 207 2070 tientiam
225 2008 355 2068 animalia
377 2025 494 2086 quoque
514 2024 691 2083 generasse:
713 2007 765 2066 sed
783 2017 812 2066 et
826 2007 960 2068 arborum
976 2008 1123 2070 scinu-12

80 2112 146 2170 gum
166 2112 219 2172 pro
237 2109 333 2151 rerum
355 2090 528 2150 condicione
550 2100 618 2170 apte
638 2108 749 2165 genera
769 2092 887 2149 variata.
920 2090 958 2151 Et
975 2099 1081 2169 quanto
1089 2102 1124 2155 13

80 2176 197 2251 Scythis
209 2177 246 2233 sit
260 2175 371 2233 caelum
383 2176 516 2252 asperius
528 2192 612 2251 quam
623 2172 795 2252 Aegyptiis,
815 2183 894 2233 tanto
912 2182 941 2233 et
953 2191 1079 2252 corpora

81 2268 110 2319 et
123 2259 240 2334 ingenia
255 2275 322 2316 esse
335 2256 460 2317 duriora.
496 2256 633 2316 Ceterum
646 2258 670 2315 si
683 2256 793 2333 mundi,
809 2275 883 2335 quae
895 2276 970 2317 nunc
983 2266 1124 2336 partes14

80 2352 160 2418 sunt,
182 2340 337 2419 aliquando
358 2343 450 2400 unitas
471 2341 538 2416 luit,
561 2342 624 2398 sive
640 2339 765 2399 inluvies
782 2356 917 2418 aquarum
935 2341 1079 2420 principio

80 2444 176 2486 rerum
187 2435 281 2484 terras
293 2423 410 2483 obrutas
422 2426 526 2499 tenuit,
539 2425 600 2483 sive
613 2424 705 2500 ignis,
722 2425 770 2501 qui
784 2424 956 2483 otmundum
968 2426 1079 2501 genuit,

81 2519 183 2570 cuncta
202 2508 351 2587 possedit,
377 2509 525 2585 utriusque
551 2505 699 2585 primordii
717 2507 841 2582 Scythas
863 2510 976 2586 origine
995 2526 1078 2587 prae·

81 2602 168 2653 stare.
203 2592 275 2651 Nam
288 2592 312 2650 si
325 2592 400 2667 ignis
413 2592 504 2670 prima
517 2591 671 2669 possessio
687 2609 782 2649 rerum
794 2590 863 2668 luit,
885 2593 932 2670 qui
944 2591 1122 2671 paulatim15

80 2678 222 2736 extinctus
234 2674 334 2735 sedem
346 2678 432 2734 terris
445 2672 537 2749 dedit,
557 2673 663 2732 nullam
678 2675 758 2750 prius
774 2692 857 2752 quam
869 2676 1078 2754 septentriona-

79 2760 138 2819 lem
156 2767 268 2836 partem
286 2759 388 2817 hiemis
405 2761 505 2834 rigore
525 2755 560 2816 ab
579 2758 647 2832 igne
670 2765 828 2834 secretam,
855 2759 929 2818 adeo
953 2767 981 2817 ut
1004 2774 1079 2815 nunc

79 2858 198 2918 quoque
211 2841 288 2900 nulla
301 2844 394 2918 magis
406 2842 501 2917 rigeat
515 2838 689 2916 frigoribus;
702 2840 868 2921 Aegyptum
876 2859 947 2902 veno
957 2849 1079 2900 ettotum
1088 2850 1121 2902 16

80 2927 221 2983 orientem
238 2926 399 2984 tardissime
420 2932 625 3002 temperatum,
646 2926 755 3022 quippe
774 2926 821 3002 qui
839 2926 1008 2984 etiamnunc
1020 2931 1078 2981 tor·

80 3008 154 3066 renti
167 3007 266 3067 calore
279 3008 351 3067 solis
369 3015 531 3066 exaestuet
565 3006 691 3081 Quodsi
710 3026 811 3069 omnes
829 3007 970 3086 quondam
983 3014 1119 3068 terrael'l

79 3089 245 3151 submersae
268 3090 414 3171 profundo
428 3090 558 3188 luerunt,
581 3091 717 3187 profecto
735 3091 918 3151 editissimam
936 3107 1078 3168 puramque

79 3183 190 3251 partem
209 3173 431 3234 decurrentibus
449 3175 531 3251 aquis
544 3176 664 3251 primunr
676 3161 841 3251 detectam,
858 3173 1012 3233 humillimo
1030 3191 1077 3231 au-

78 3265 136 3316 tem
160 3258 225 3316 solo
252 3258 373 3317 eandem
396 3275 498 3336 aquam
520 3256 679 3318 diutissime
704 3261 893 3325 immoratam;
923 3264 951 3315 et
973 3265 1078 3334 quanto
1088 3267 1121 3320 18

78 3340 159 3419 prior
176 3358 309 3419 quaeque
329 3359 396 3418 pars
415 3350 556 3401 terrarum
575 3341 683 3402 siccata
694 3345 749 3419 sit,
767 3350 845 3402 tanto
859 3359 937 3420 prius
947 3340 1078 3399 animalia

77 3439 221 3500 generare
243 3426 391 3503 coepisse.
425 3425 517 3484 Porro
532 3424 678 3498 Scythiam
696 3425 769 3484 adeo
786 3425 936 3485 editiorem
948 3423 1078 3482 omnibus
1086 3434 1119 3488 19

76 3508 163 3567 terris
177 3526 260 3585 esse,
274 3517 303 3567 ut
316 3518 419 3568 cuncta
431 3508 544 3568 {lumina
556 3506 595 3565 ibi
611 3518 676 3567 nata
694 3510 722 3567 iu
733 3508 884 3585 blaeotim,
903 3517 959 3567 tum
973 3507 1077 3567 deinde
