2442 3975
396 217 436 264 ru
456 215 593 267 ounsun
614 215 690 265 xm.
710 207 730 245 ⁰
1008 205 1048 265 79

20 374 21 377 ’
62 372 150 446 Graeci
215 373 312 432 minori
328 390 431 431 succos
449 375 599 448 perdiccae
617 376 649 432 Α.
671 373 892 432 minorisoccac
912 377 992 448 perd.
1015 377 1048 433 G.

61 457 145 514 minori
162 465 237 515 socto
257 460 383 531 perdicto
405 458 445 514 M.
470 477 506 515 rn.
526 477 595 516 soce
611 461 726 533 perdice
748 459 835 516 frater
848 462 884 514 B.
911 477 1049 519 rosacea

63 549 178 612 cognatus
200 543 331 616 perdicce
347 543 375 599 C.
394 558 430 598 m.
451 545 541 600 alceta
562 544 587 600 n
601 544 716 616 perdice
730 543 766 598 D.
787 561 822 600 rra.
838 559 922 599 socer
936 547 1049 616 perdic-

62 641 103 680 cac
114 626 191 682 eut.
227 628 317 683 Lucan
328 628 418 682 multis
433 630 503 683 notis
519 630 692 698 corruptelae
702 630 834 699 insipnis:
848 644 914 682 nam
927 628 1007 684 Pbilo
1021 633 1050 685 iu

61 724 157 766 namma
171 711 267 766 dueum
284 712 443 766 Alexandri
453 714 508 767 nisi
520 729 538 766 a
557 713 681 769 Cedreno
700 728 756 768 nan
772 710 914 783 refertur,
929 713 1050 784 Atropa-
1141 764 1143 767 ,

61 800 93 853 let
104 803 139 848 est
150 810 225 850 socer
241 795 394 850 Perdiccae
408 793 539 869 (Arrian.
554 810 622 867 exp.
644 796 705 852 VII
716 803 743 865 4,
758 791 808 868 5),
822 794 916 867 Illyrii
924 797 963 851 ad
972 798 1049 852 Anti-

55 880 155 947 patriet
168 879 275 936 Crateri
284 882 460 951 prouinciam
473 882 621 950 pertinent.
659 880 692 935 Ut
705 880 824 948 menda,
843 886 974 951 quantum
990 898 1049 937 rna-

58 963 120 1016 aine
131 978 248 1032 possem,
265 965 397 1034 tollerem,
413 965 516 1035 scripsi
528 963 652 1020 Philotas
668 963 817 1035 accipiunt.
839 963 919 1020 Pitho
935 965 1049 1035 illyrius

59 1044 150 1103 iicdioe
173 1047 286 1117 maiori,
303 1046 455 1120 Atropatos
473 1047 576 1104 minori
592 1064 676 1103 socer
694 1048 845 1113 Perdiccae
857 1049 1049 1121 praeponitur.

58 1128 88 1182 Et
99 1132 227 1187 maanus
253 1129 344 1206 (succ
359 1134 439 1187 Alex
456 1128 488 1204 5)
511 1137 537 1187 et
555 1131 664 1187 Curtius
683 1128 731 1203 (X
742 1139 789 1201 10,
810 1127 841 1205 4)
864 1131 985 1188 Mediam
1000 1134 1049 1189 Pi

59 1212 120 1268 lbani
133 1216 219 1271 datam
233 1231 295 1273 esse
309 1217 438 1285 tradam,
455 1217 595 1271 Diodorus
612 1213 744 1289 (XVIII
754 1212 787 1289 3)
803 1216 914 1271 Plutoni
929 1223 955 1271 el
964 1206 1048 1273 Atra-

55 1305 110 1364 puto
124 1291 222 1371 (rdnus
237 1330 284 1340 -
298 1289 431 1355 Πυθωνι
450 1293 577 1371 Μηδίαν
594 1306 621 1355 et
633 1301 705 1370 paul
704 1318 719 1355 ο
729 1307 794 1371 pest
809 1284 993 1376 προσώρισεν
1007 1331 1050 1343 --

54 1371 196 1462 Ἀτροπάτῃ
206 1415 250 1425 -
264 1379 418 1459 Μηδίαν).
435 1384 477 1439 Ac
489 1385 568 1440 Pitba
582 1385 700 1456 quidem,
716 1400 778 1440 eum
791 1386 946 1440 Alcamenis
956 1388 1050 1441 amrin-

57 1465 145 1522 lussit
165 1464 295 1542 (mian.
312 1470 377 1524 Ind
401 1475 451 1538 18,
466 1465 513 1544 6),
535 1468 610 1524 rec'te
629 1466 667 1522 Il
656 1471 744 1540 prius
762 1470 937 1540 appellatur,
960 1486 1012 1541 quo
1031 1487 1050 1525 a

57 1547 152 1607 Pitlone
164 1554 300 1625 Apenaris
311 1555 369 1624 filio
382 1554 573 1624 distinpuatur.
599 1551 643 1624 Cf.
659 1552 798 1608 Duebner.
813 1553 851 1607 ad
866 1552 949 1608 XIII
962 1559 990 1622 8,
1007 1561 1050 1612 10.

62 1633 135 1690 Verba
149 1639 181 1692 ab
195 1640 243 1705 iis,
269 1638 317 1709 qui
329 1637 444 1707 lllyrIos
454 1639 567 1708 populi,
599 1653 654 1692 non
675 1638 728 1692 ciri
747 1638 969 1708 sipnificaticnem
990 1651 1050 1693 esse

56 1718 239 1789 existimabant,
263 1721 374 1777 turbata
395 1736 455 1776 esse
474 1728 603 1792 apparel.
644 1721 687 1776 De
709 1722 884 1776 collocatione
906 1721 1050 1777 verborum

56 1801 87 1870 ef.
97 1802 262 1862 XXXVIII
276 1814 307 1871 5,
325 1812 357 1863 10
372 1806 447 1876 quod
465 1822 518 1861 uon
534 1807 637 1877 inpune
657 1821 688 1860 sc
704 1804 847 1861 Nicomedi
862 1806 1049 1876 lacerandum,

54 1886 187 1944 saltatricis
198 1892 270 1958 iilic,
283 1890 454 1961 praebuerit.
472 1889 578 1945 XLIV
588 1898 616 1958 5,
629 1895 646 1948 6
659 1896 687 1942 et
698 1889 786 1943 maior
798 1895 916 1960 utroque
929 1888 1050 1946 Annibal

55 1968 196 2046 inperator,
213 1972 366 2031 Amilcaris
382 1974 471 2045 iilius,
488 1973 625 2030 succedit.
641 1970 721 2027 XIX
733 1979 757 2041 1,
772 1978 799 2031 9.
814 1971 988 2028 XXXVIII
997 1980 1050 2041 82

89 2052 106 2126 ᾗ
119 2056 149 2113 14
164 2076 251 2129 scyno
264 2058 372 2114 ACGE.
386 2059 485 2115 sciona
497 2057 534 2113 n.
548 2074 635 2128 scyra
646 2057 687 2114 M.
700 2055 774 2112 stino
782 2058 820 2111 B.
833 2057 913 2112 senio
924 2057 956 2114 I.
969 2046 1049 2127 siry-

54 2154 96 2207 ryo
106 2142 135 2195 F.
148 2142 274 2217 Scalrper
284 2144 388 2198 emend.
399 2142 505 2199 Coeno.
522 2141 567 2215 Cf.
579 2141 722 2199 Ilralcenb.
735 2141 774 2196 nal
783 2140 1004 2211 LimXIIV35,
1017 2149 1051 2200 10

89 2224 210 2296 trygiad
275 2224 450 2300 adsignatur]
464 2243 498 2282 ur
509 2244 545 2281 m.
560 2228 607 2281 alt.
622 2223 734 2281 inlatd
797 2221 819 2296 ἕ
836 2233 868 2283 15
883 2226 1051 2297 pampyliam

52 2305 73 2359 Α
127 2308 275 2385 nearchus]
290 2328 372 2367 arcus
389 2310 501 2367 ACGM.
526 2327 610 2381 argus
627 2311 663 2365 B.
688 2325 723 2363 ne
739 2324 820 2364 arcus
835 2309 867 2364 L.
890 2326 1008 2366 nearcus
1024 2310 1051 2365 D

52 2388 102 2445 EF.
121 2394 279 2464 Nearchus,
295 2395 331 2451 ab
341 2397 504 2451 Alexandra
514 2395 617 2467 Lyciae
628 2400 655 2449 et
663 2394 771 2465 repient
778 2394 911 2463 finitimae
924 2395 963 2449 ael
977 2395 1049 2451 Tau·

52 2490 104 2530 nrm
116 2493 198 2551 usque
209 2482 391 2552 praepositus
410 2477 539 2554 (Arriam
558 2478 612 2535 III
624 2485 652 2550 6,
669 2473 719 2549 6),
745 2478 774 2531 in
792 2478 920 2533 diuisione
934 2482 1050 2550 prouin-

51 2559 143 2617 ciarum
157 2581 212 2620 uon
225 2567 396 2620 nominatur.
423 2564 480 2619 Sed
490 2565 538 2619 uin
553 2564 680 2618 credibile
695 2568 799 2616 tantum
810 2564 899 2618 uirum
911 2566 1050 2634 praeteri·

52 2649 99 2697 tun
113 2661 177 2705 esse.
210 2648 415 2705 Gutscbmidius
428 2648 562 2720 Polyaen.
585 2648 656 2708 V35
674 2645 802 2717 conferri
816 2647 889 2702 iubet
951 2664 1051 2704 casan-

50 2726 92 2782 der
114 2730 148 2786 Il.
172 2734 317 2805 capander
337 2731 370 2787 L.
400 2733 553 2789 cassander
573 2731 610 2786 Il.
646 2732 758 2788 Cariam
779 2732 853 2786 sicut
873 2733 901 2785 in
928 2731 1051 2786 secunda

51 2808 168 2880 (Arrium
182 2833 261 2872 succ.
277 2818 358 2872 Aleae.
371 2811 433 2891 87),
457 2819 495 2871 ita
512 2818 541 2871 iu
550 2817 650 2887 priore
663 2828 770 2887 quaque
779 2817 990 2885 promuntunum
1008 2815 1062 2870 cli--

49 2895 281 2958 abnue-Asandro
298 2901 437 2957 obvenisse
452 2903 511 2956 ceri
528 2902 615 2956 slmile
630 2906 679 2955 est.
717 2899 790 2953 Nam
805 2902 853 2955 arec
868 2899 969 2954 credes
985 2899 1052 2954 Cas-

48 2983 169 3039 sandrum
186 2987 289 3041 Cariae
310 2987 393 3041 simul
406 2992 433 3040 et
447 2985 624 3055 subactoribus
644 2986 717 3055 repis
737 2984 947 3054 satellitibusque
963 2998 1050 3053 prae-

45 3060 134 3130 fectum
144 3084 212 3125 esse.
234 3072 271 3125 Αο
278 3077 369 3140 tamen
380 3072 520 3125 Arrianus
527 3066 619 3140 (succ.
626 3070 709 3124 Aleu.
722 3062 762 3140 6),
777 3067 915 3122 Diodorus
925 3064 1056 3140 (XVIII

47 3151 76 3206 39
93 3151 177 3223 iliam
200 3150 394 3230 Νεμείοις),
416 3154 527 3211 Curtius
546 3151 595 3227 (X
606 3161 656 3223 10,
675 3150 707 3226 2)
731 3152 920 3209 Cassandrum
941 3159 1053 3209 tuentur

102 3231 170 3306 §16
191 3238 326 3309 trygiaA
397 3237 676 3295 venitG.evenitR
741 3235 927 3292 tracimatA
995 3239 1051 3294 ies·

47 3323 168 3383 stnaoiro
186 3324 212 3377 Α
278 3320 770 3395 cappadotianrcunrpapagoniaA
828 3317 899 3393 §17
928 3323 1053 3379 anthioci

47 3399 67 3451 Α
123 3401 190 3475 §19
211 3407 320 3462 retenti.
344 3409 445 3463 Terras
462 3409 549 3479 Bonp.
567 3408 701 3466 decentes
719 3400 741 3479 (i
756 3420 818 3475 sup.
837 3405 922 3459 ultim.
940 3401 969 3479 ο)
989 3423 1054 3462 eras

45 3484 74 3540 A·
95 3488 221 3548 decentis
239 3507 301 3549 eras
318 3493 348 3548 G.
378 3492 490 3548 decenti
507 3498 587 3547 erant
608 3490 648 3545 M.
672 3488 799 3545 decentis
816 3495 924 3545 cieras
943 3491 979 3545 B.
1002 3490 1053 3544 de·
1139 3551 1144 3561 ,
