2442 3975
52 233 84 286 11
94 234 152 287 ss
396 238 488 287 urar.
505 240 597 286 curu.
614 240 703 286 remu
1021 231 1060 290 15

55 414 121 459 cum
144 394 220 454 omni
241 391 372 451 exercitu
394 392 622 463 trucidaverunt;
649 392 810 453 Alexandri
829 392 927 470 Magni
954 393 1093 454 ducents

53 479 221 558 Zopyriona
239 477 302 553 pari
316 477 430 534 ratione
446 493 510 535 cum
527 479 621 555 copiis
636 478 780 536 universis
794 476 981 545 deleverunt;
996 477 1055 538 tto·
1073 484 1092 536 t>

54 578 204 624 manorum
219 559 365 635 audivere,
382 576 440 618 uon
455 577 576 619 sensere
591 578 680 619 arma.
710 559 875 620 Parthicum
887 569 917 619 et
930 558 1058 621 Bactria·
1072 565 1092 620 6

56 666 123 708 nam
148 645 298 723 imperium
322 643 379 721 ipsi
404 642 603 702 condiderunt
645 643 724 704 Gens
748 642 899 703 laboribus
919 652 949 704 et
971 642 1090 703 bellis?

57 747 176 810 aspera;
192 728 271 786 vires
290 743 446 804 corporum
466 728 639 796 immensam
661 727 730 787 nihii
742 744 864 806 parare,
882 725 961 806 quod
978 727 1058 786 amit·

56 825 121 875 tere
143 813 281 886 timeant,
302 808 371 868 nihil
399 812 528 870 victores
552 819 671 889 praeter
693 810 816 888 gloriam
838 812 1058 889 concupiscunt.

56 897 168 958 Primus
190 892 307 968 Scythis
322 891 429 952 bellam
447 893 548 953 indixit
566 895 699 970 Sesosis,
723 913 776 954 rex
791 894 973 972 Aegyptius,
991 894 1057 952 mis·
1073 899 1094 953 8

57 982 99 1041 sis
115 981 208 1058 primo
231 975 402 1054 lenonibus,
424 979 473 1055 qui
494 976 628 1036 hostibus
653 977 771 1056 parendi
793 978 889 1055 legem
915 977 1056 1037 dicerent.
1102 968 1110 981 '

57 1065 117 1125 Sed
132 1059 258 1136 Scythae
273 1061 329 1120 iam
343 1069 410 1120 anta
426 1060 462 1119 de
478 1060 602 1120 adventu
623 1064 705 1139 regis
727 1080 743 1121 a
766 1062 889 1122 finitimis
913 1062 1058 1120 certiores
1073 1068 1091 1123 9

55 1148 126 1208 iacti
141 1146 247 1222 legatis
262 1143 456 1222 respondent:
474 1153 531 1203 tam
549 1145 680 1223 opulenti
699 1145 799 1223 popuii
819 1145 921 1205 ducem
932 1144 1104 1205 insolen-lo

56 1235 95 1292 tia
107 1230 248 1291 adversus
264 1229 369 1306 inopes
385 1244 548 1305 occupasse
561 1226 683 1305 beilum,
702 1229 779 1307 quod
796 1231 888 1306 magis
907 1229 983 1288 domi
996 1227 1057 1286 iue-

56 1319 94 1376 rit
104 1315 147 1374 illi
159 1311 329 1387 timendum,
348 1311 425 1390 quod
438 1310 508 1370 beili
521 1321 668 1371 certamen
683 1330 809 1391 anceps,
827 1314 954 1392 praemia
967 1314 1056 1372 victo·
1067 1320 1100 1372 ll

56 1402 119 1459 riae
130 1396 219 1471 nulia,
234 1395 334 1454 damna
346 1395 498 1454 manifesta
509 1392 575 1457 sint.
593 1395 688 1473 Igitur
697 1414 754 1455 non
766 1405 974 1475 expectaturus
987 1396 1058 1468 Scy·
1068 1402 1103 1454 ltt

56 1484 135 1559 thas,
149 1479 214 1538 dum
226 1478 261 1538 ad
274 1497 306 1538 se
317 1480 464 1554 veniatur,
483 1496 547 1537 cum
557 1488 637 1558 tanto
651 1479 705 1538 sibi
718 1479 799 1557 piura
812 1481 840 1539 in
852 1479 937 1538 hoste
949 1496 1057 1538 concn-

57 1564 196 1645 piscenda
208 1563 277 1639 sint,
293 1562 429 1640 ultroque
441 1562 568 1641 praedae
580 1565 672 1622 ituros
684 1561 808 1623 obviam.
840 1561 903 1622 Nec
919 1561 995 1623 dicta
1008 1578 1059 1620 res

56 1658 177 1709 morata.
207 1647 288 1720 Quos
304 1663 366 1705 cum
382 1654 460 1706 tanta
481 1645 633 1705 celeritate
654 1648 754 1705 venire
769 1664 834 1725 ren⁵
844 1646 1006 1721 didicisset,
1031 1645 1059 1703 iu
1067 1654 1105 1708 13

56 1735 156 1808 fugam
175 1732 296 1790 vertitur
313 1731 503 1807 exercituque
522 1746 586 1788 cum
604 1730 681 1789 omni
698 1738 839 1809 apparatu
859 1729 930 1790 beili
952 1729 1057 1790 relicto

57 1822 86 1875 in
101 1832 222 1891 regnum
244 1831 277 1871 se
297 1816 420 1892 recepit.
453 1813 578 1887 Scythas
599 1814 635 1873 ab
652 1813 792 1892 Aegypto
818 1813 940 1892 paludes
963 1811 1104 1892 probi-14

58 1899 158 1959 buere.
189 1897 259 1956 Inde
281 1899 393 1955 reversi
418 1896 519 1956 Asiam
542 1898 731 1975 perdomitum
750 1897 926 1973 vectigalem
947 1896 1058 1969 iecere,
1068 1903 1101 1954 15

56 1983 173 2043 modico
204 1980 310 2041 tributo
344 1981 437 2057 magis
459 1981 488 2040 in
509 1982 619 2042 titulum
639 1982 752 2060 imperii
776 2000 858 2060 quam
873 1981 901 2040 in
917 1981 1058 2041 victoriae

58 2068 215 2146 praemium
231 2065 367 2142 inposito.
399 2063 454 2123 XV
473 2068 554 2125 aunis
570 2066 719 2145 pacandae
735 2066 824 2126 Asiae
841 2066 973 2124 immorati
990 2069 1102 2124 uno-16

56 2169 119 2210 rum
135 2148 312 2223 flagitatione
332 2157 524 2223 revocantur,
546 2167 599 2226 per
620 2150 738 2226 legatos
758 2148 1005 2224 denuntiantibus,
1028 2149 1058 2207 ni

56 2233 194 2306 redeant,
213 2227 345 2288 subolem
363 2248 396 2288 se
412 2248 450 2289 en
461 2233 584 2291 finitimis
602 2233 782 2312 quaesituras
794 2251 849 2291 nec
862 2249 1014 2311 passuras,
1029 2242 1059 2291 ut

57 2320 87 2377 iu
106 2314 308 2394 posteritatem
323 2313 493 2386 Scytharum
505 2333 598 2390 genus
610 2335 664 2396 per
681 2318 802 2377 feminas
820 2316 981 2377 intercidat.
1008 2316 1060 2377 His
1068 2328 1102 2382 17

57 2402 146 2476 igitur
164 2398 234 2457 Asia
250 2415 304 2475 per
314 2396 394 2455 mille
415 2398 589 2476 quingentos
605 2418 700 2460 annos
719 2400 872 2478 vectigalis
892 2400 954 2461 fuit.
986 2399 1059 2461 Pen·
1067 2411 1105 2465 18

58 2482 145 2543 deudi
157 2481 254 2541 tributi
267 2482 352 2540 finem
364 2480 464 2558 Ninus,
479 2501 533 2543 ron
543 2483 741 2563 Assyriorum,
757 2481 894 2564 inposuit.

69 2619 73 2625 .
121 2569 151 2625 4.
178 2565 236 2625 Sed
257 2565 332 2644 apud
348 2566 472 2639 Scythas
492 2567 588 2627 medio
612 2577 746 2647 tempore
763 2567 819 2628 duo
835 2569 910 2646 regii
924 2570 1089 2645 iuvenes,1

58 2651 161 2711 Yiinos
184 2657 214 2708 et
228 2649 415 2727 Scolopitus,
441 2668 495 2728 per
515 2652 671 2711 factionem
692 2655 858 2730 optimatum
879 2653 965 2714 domo
982 2653 1058 2732 pulsi

58 2737 206 2809 ingentem
227 2735 404 2808 iuventutem
425 2751 524 2793 secum
546 2744 664 2795 traxere
686 2745 715 2795 et
734 2737 763 2794 in
781 2734 989 2816 Cappadociae
1005 2746 1093 2796 orat

58 2819 138 2876 iuxta
158 2833 268 2875 amnem
290 2814 504 2877 Thermodonta
533 2819 728 2878 consederunt
755 2819 962 2899 subiectosque
984 2818 1058 2878 The-

58 2900 213 2973 miscyrios
235 2917 356 2979 campos
377 2917 573 2978 occupavere.
615 2901 659 2961 Ibi
679 2920 732 2980 per
753 2904 859 2963 multos
883 2920 975 2963 annos
990 2911 1092 2979 spo-3

59 2984 132 3043 liare
152 2985 285 3043 finitimos
305 2983 416 3042 adsueti
436 2987 652 3063 conspiratione
673 2986 846 3065 populorum
868 3004 921 3065 per
941 2984 1059 3052 insidias

57 3067 244 3127 trucidantur.
276 3066 383 3128 Horum
404 3084 513 3126 uxores
536 3087 599 3129 cum
614 3070 745 3129 viderent
763 3071 852 3129 exilio
873 3067 996 3129 additam
1013 3075 1095 3129 orb

58 3149 192 3230 bitaterp,
220 3168 298 3210 arma
327 3160 439 3210 sumunt
464 3151 595 3232 finesque
625 3171 695 3212 suos
721 3144 928 3213 submoveuhes
956 3154 1059 3229 primo,

58 3251 126 3293 mox
142 3237 227 3293 etiam
249 3235 408 3294 inferentes
429 3233 508 3295 bella
523 3236 689 3296 defenduut.
718 3230 851 3297 Nubeudi
868 3252 984 3314 quoque
999 3236 1060 3294 irni-
1075 3245 1094 3296 5
1113 3287 1117 3290 ,

58 3318 134 3376 timis
156 3320 278 3388 animum
301 3320 427 3376 omisere
448 3322 635 3396 servitutem,
658 3338 715 3379 non
732 3321 941 3380 matrimonium
958 3319 1059 3397 appel-

58 3401 161 3459 lantes.
193 3400 347 3477 Singulare
363 3402 486 3461 omnium
503 3404 686 3463 sacculorum
697 3404 877 3483 exemplum,
895 3421 983 3478 ausae
999 3419 1060 3474 rem
1075 3410 1095 3464 6
1131 3441 1140 3457 .

56 3481 203 3562 publicam
219 3502 329 3573 augere
344 3487 407 3545 sine
422 3486 508 3564 viris,
529 3488 584 3545 iam
605 3487 691 3545 etiam
712 3505 777 3545 cum
801 3496 967 3565 contemptu
983 3487 1059 3544 viro·
