2442 3975
108 207 169 267 154
509 212 618 260 rnonr
634 212 765 260 nonest
833 203 976 260 xxvna.
991 206 1141 261 xxvlrrl

120 372 233 436 asione
254 372 367 446 integer
391 369 455 447 ipse
476 365 585 425 viribus
600 373 729 443 superat.
764 363 806 425 lia
823 384 947 444 namque
962 376 1141 444 tempestate

149 457 244 514 omnia
260 453 339 513 bella
353 455 382 511 in
397 451 514 511 exitium
526 449 617 508 Asiae
631 449 822 525 gerebantur:
839 452 879 509 uti
895 454 1019 530 quisque
1033 452 1142 512 fortior

121 537 270 612 aluisset,
294 536 393 594 Asiam
412 534 493 592 velut
510 532 647 610 praedam
663 532 836 610 occupabat.
868 534 1017 594 Seleucus
1034 544 1063 593 et
1079 535 1140 593 An·

149 621 264 680 tiochus
281 620 387 678 iratres
403 617 511 676 bellum
527 624 650 694 propter
662 615 761 675 Asiam
775 616 932 691 gerebant;
953 617 1140 678 Ptolemaeus

119 716 204 766 oren
216 702 344 779 Aegypti
357 700 409 759 sub
422 701 524 778 specie
539 700 671 757 sororiae
684 699 800 758 ultionis
808 699 898 760 Asiae
909 701 1044 762 inhiabat.
1066 701 1141 760 Hinc

147 785 286 860 Bithynus
303 784 463 863 Eumenes,
488 783 554 842 inde
571 781 663 857 Galli,
680 781 860 842 humiliorum
875 801 994 861 semper
1007 799 1140 842 mercen·

148 870 228 928 naria
248 886 365 940 manus,
393 865 492 927 Asiam
519 865 787 942 depopulabantur:
823 884 887 924 cnm
913 868 1024 926 interea
1053 884 1140 926 nemo

119 951 291 1017 odeiensor
305 950 394 1009 Asiae
410 952 485 1008 inter
500 957 542 1007 tot
557 948 724 1024 praedones
740 949 949 1009 inveniebatur.
977 951 1064 1009 Victo
1080 949 1139 1007 An·

148 1034 247 1094 tiocho
266 1052 329 1092 cum
343 1033 489 1092 Eumenes
504 1032 643 1090 maiorem
658 1041 769 1109 partem
787 1033 875 1091 Asiae
890 1043 1085 1111 occupasset,
1101 1051 1139 1090 ne

147 1126 217 1177 tunc
237 1117 351 1194 quidem
371 1117 477 1175 fratres
499 1116 614 1193 perdito
629 1116 776 1192 praemlo,
799 1116 1014 1194 propterquod
1030 1115 1139 1174 bellum

96 1205 99 1210 '
150 1200 308 1277 gerebant,
334 1199 515 1258 concordare
533 1207 703 1276 potuerunt,
720 1199 772 1258 sed
788 1202 896 1259 omisso
914 1209 1036 1258 externo
1053 1199 1140 1257 hoste

58 1299 63 1306 ·
119 1286 179 1349 tin
194 1291 319 1342 motuum
337 1282 454 1341 exitium
470 1281 577 1339 bellum
593 1291 738 1358 reparant.
765 1281 797 1341 ln
812 1300 848 1342 eo
865 1282 1027 1354 Antiochus
1043 1282 1140 1341 denuo

149 1368 242 1425 victus
263 1365 415 1424 multorum
436 1365 545 1424 dierum
567 1364 637 1439 luga
661 1364 798 1441 fatigatus
819 1366 934 1425 tandem
950 1365 985 1424 ad
1005 1381 1140 1424 socerum

120 1462 235 1514 esuum
251 1447 452 1522 Ariamenem,
468 1464 568 1523 regem
586 1446 811 1524 Cappadociae,
828 1449 1006 1526 pervehitur.
1038 1448 1064 1505 A
1081 1464 1141 1524 quo

151 1550 214 1590 cum
247 1531 373 1607 benigne
399 1532 519 1608 primum
545 1540 687 1607 exceptus
718 1540 818 1605 esset,
849 1531 1009 1590 interiectis
1036 1529 1141 1589 diebus

150 1615 269 1690 cognito
294 1614 372 1692 quod
395 1614 517 1673 insidiae
540 1613 593 1672 sibi
614 1623 801 1692 pararentur,
815 1615 949 1673 salutem
965 1615 1034 1689 luga
1050 1613 1141 1691 qua‘e·

121 1698 228 1763 osivit.
267 1696 358 1774 Igitur
379 1714 442 1756 curn
464 1697 591 1773 prologo
608 1715 748 1773 nusquam
763 1700 790 1756 in
807 1706 868 1756 tuto
885 1697 965 1757 salus
981 1706 1079 1770 esset,
1104 1696 1141 1754 ad

99 1797 114 1842 t
149 1781 346 1841 Ptolemaeum
370 1780 507 1854 hostem,
547 1783 629 1839 cuius
660 1781 744 1840 fidem
768 1782 903 1840 tutiorem
930 1798 1014 1857 quam
1040 1779 1142 1837 fratris

150 1864 352 1939 existImabat,
367 1863 512 1937 decurrit,
533 1880 644 1922 memor
659 1865 707 1924 vel
726 1881 800 1941 quae
818 1864 946 1924 facturos
962 1863 1043 1921 fratri
1059 1861 1160 1920 esset‘

89 2006 92 2010 .
108 1947 199 2013 lovel
216 1965 290 2024 quae
303 1948 457 2007 meruisset
469 1964 485 2006 a
497 1945 597 2006 fratre.
621 1948 680 2007 Sed
693 1946 876 2007 Ptolemaeus
888 1965 945 2008 non
957 1946 1077 2006 amicior
1090 1945 1142 2005 de·
1175 1974 1177 1978 π

148 2033 228 2090 victo
251 2048 335 2108 quam
358 2031 435 2090 hosti
457 2032 550 2090 lactus
575 2031 724 2090 adservari
747 2049 811 2090 eum
836 2032 977 2090 artissima
1005 2029 1142 2087 custodia

108 2127 140 2178 11
154 2113 243 2172 iubet.
279 2114 352 2173 llinc
372 2131 489 2191 qnoque
511 2114 671 2174 Antiochus
693 2131 783 2192 opera
809 2115 954 2174 cuiusdam
975 2114 1142 2170 meretricis

151 2197 280 2270 adiutus,
300 2215 383 2274 quam
399 2197 567 2272 familiarius
585 2206 724 2271 noverat,
744 2199 876 2275 deceptis
894 2195 1062 2271 custodibus
1080 2194 1143 2254 ela·

108 2290 142 2342 12
153 2280 230 2339 bitur
251 2279 424 2356 fugiensque
440 2299 456 2339 a
472 2280 634 2340 latronibus
649 2281 827 2339 interficitur.
864 2280 1007 2341 Seleucus
1022 2294 1143 2355 quoque

151 2362 242 2421 isdem
260 2362 353 2421 ferme
369 2363 471 2422 diebus
488 2365 594 2423 amisso
610 2359 702 2440 regino
718 2381 794 2441 equo
812 2365 1018 2441 praecipitatus
1033 2360 1141 2425 linitur.

152 2446 202 2504 Sic
222 2442 326 2504 iratres
349 2448 431 2523 quasi
454 2456 483 2504 et
506 2450 651 2522 germanis
677 2446 809 2522 casibus,
836 2447 939 2505 exules
964 2444 1048 2504 ambo
1073 2453 1145 2521 post

151 2545 242 2604 regna
258 2528 403 2588 scelerum
421 2547 536 2588 suorum
553 2548 664 2608 poenas
680 2531 802 2589 luerunt.
883 2546 886 2551 ·

547 2790 747 2799 -----

425 3061 634 3135 LIBER
686 3061 869 3135 XXVIII.
930 3174 931 3177 Ἴ

20 3280 23 3285 ’
126 3290 141 3341 1
209 3280 236 3337 1.
261 3240 530 3356 olympias,l’yrri
563 3277 702 3356 Epirotae
718 3280 799 3354 regis
818 3278 893 3351 lilia,
916 3278 1022 3336 amisso
1039 3275 1144 3334 marito

153 3360 315 3437 eodemque
337 3379 475 3436 germano
498 3363 587 3421 fratre
606 3362 774 3422 Alexandro
794 3380 857 3420 cum
877 3361 995 3419 tutelam
1018 3358 1145 3417 illorum

152 3460 192 3499 ex
207 3458 243 3500 eo
258 3452 475 3520 susceptorum,
496 3444 579 3518 Pyrri
604 3453 634 3507 ct
658 3445 833 3519 Ptolemaei,
850 3445 993 3519 regnique
1008 3440 1146 3501 adminis-
