2442 3975
163 194 238 268 144'
355 168 357 173 ’
529 202 639 251 raom
653 202 783 251 consur
1000 196 1159 256 munt

162 358 338 419 blacedonas
353 359 499 434 vicerant,
515 357 679 433 indignatus
695 367 776 435 parta
792 358 914 417 victoria
930 359 1054 435 opimam
1069 378 1159 438 prae·

163 443 226 502 dam
250 451 279 500 et
297 443 416 501 orientis
440 442 543 519 spoliis
567 449 698 499 onustam
722 450 778 499 tarn
802 441 889 500 lacile
916 442 1048 501 relictam
1075 461 1157 518 esse,

164 527 228 602 ipse
246 526 377 584 adunatis
393 523 439 584 ct
456 524 570 584 milibus
587 524 716 600 peditum
731 533 760 583 et
774 523 828 582 XV
844 524 960 583 milibus
977 527 1106 604 equitum
1127 528 1159 586 in

137 608 361 671 bllacedonlam
385 609 530 686 inrumpit.
576 605 647 665 Cum
673 624 761 683 agros
786 607 931 684 villasque
954 608 1157 685 popularetur,

160 693 290 750 occurrit
307 693 341 749 ei
365 709 428 750 cum
449 693 589 751 instructo
614 691 747 749 exercitu
768 688 959 749 Macedonum
977 691 1157 751 Sosthenes:

159 774 216 833 sed
237 776 326 852 pauci¹
345 792 361 833 a
382 775 529 852 pluribus,
551 772 657 850 trepidi
678 792 695 833 a
711 773 874 833 valentibus
889 774 979 834 iacile
995 776 1156 834 vincuntur.

132 857 265 934 3ltaque
289 876 352 917 cnm
375 859 443 916 victi
464 876 496 917 se
511 856 690 916 Macedones
715 859 787 916 intra
808 874 906 936 muros
928 857 1040 916 orbium
1056 859 1156 917 condi·

164 941 289 1015 dissent,
312 942 407 1000 victor
428 940 557 1000 Brennus
579 941 693 998 nemine
714 939 888 1023 probibente
910 942 998 999 totius
1018 940 1157 1000 Macedo·

135 1024 228 1086 tniae
250 1041 337 1100 agros
353 1024 558 1101 depraedatur.
594 1020 763 1100 Inde'qoasi
780 1033 896 1082 terrena
912 1025 967 1083 iam
983 1024 1078 1100 spolia
1093 1040 1157 1083 sor·

163 1106 283 1182 derent,
314 1108 435 1165 animum
460 1106 503 1165 ad'
517 1106 639 1165 deorum
661 1107 850 1166 inmortalium
870 1107 980 1188 templa
1003 1109 1158 1185 convertit,

162 1187 324 1248 scurriliter
336 1190 448 1248 iocatus
461 1188 626 1266 locupletes
638 1190 711 1250 deos
724 1190 823 1266 largiri
833 1190 994 1249 bominibus
1005 1200 1157 1268 oportere.

133 1273 265 1335 nstatim
287 1274 373 1349 igitur
387 1272 521 1350 Delphos
537 1274 592 1332 iter
607 1274 710 1349 vertit,
732 1274 868 1350 praedam
883 1272 1033 1350 religioni,
1058 1291 1159 1333 aurum

165 1354 296 1414 offensae
318 1355 438 1414 deorum
462 1356 653 1414 inmortalium
675 1356 865 1433 praeferens:
886 1373 961 1433 quos
984 1356 1070 1416 nullis
1095 1358 1157 1433 opi·

163 1437 219 1496 bus
231 1455 338 1514 egere,
356 1448 386 1497 ut
398 1439 447 1517 qui
459 1455 509 1497 eas
521 1439 622 1515 largiri
644 1438 807 1500 bominibus
833 1438 950 1516 solent,
978 1439 1157 1499 adfirmabat.

134 1519 315 1598 ti'l'emplum
341 1531 435 1581 autem
463 1520 610 1600 Apollinis
633 1520 757 1599 Delphis
782 1522 907 1600 positum
934 1531 980 1582 est
1006 1524 1035 1580 in
1059 1532 1158 1582 monte

163 1604 324 1679 Parnasso,
354 1605 382 1662 in
403 1622 477 1682 mpe
499 1604 631 1682 undique
647 1604 838 1682 inpendente:
870 1605 910 1664 ibi
933 1605 1077 1665 civitatem
1098 1606 1158 1665 ire·

165 1689 278 1764 quentia
301 1687 445 1746 bominum
462 1688 550 1761 fecit,
572 1689 620 1765 qui
638 1688 673 1746 ad
687 1687 914 1747 adfirmationem
930 1690 1091 1748 maiestatis
1105 1707 1158 1747 un·

134 1770 255 1847 ldique
278 1779 486 1829 concurrentes
510 1771 539 1828 in
562 1788 599 1829 eo
616 1788 689 1830 saxo
705 1771 877 1829 consedere.
914 1770 1013 1849 Atque
1029 1774 1067 1830 ita
1084 1781 1157 1830 tenr-

164 1854 302 1930 plum'et
331 1855 475 1913 civitatem
505 1870 563 1912 non
587 1855 660 1912 muri
689 1853 741 1912 sed
768 1855 957 1932 praecipitia,
989 1873 1045 1913 nec
1072 1872 1157 1913 manu

162 1936 240 1997 iacta
262 1937 314 1998 sed
334 1936 473 1998 naturalia
495 1937 638 2016 praesidia
661 1935 836 2015 detendunt,
867 1953 987 2017 prorsus
1009 1946 1040 1997 ut
1061 1939 1158 1997 incer·

164 2030 223 2079 turn
245 2021 298 2095 sit,
331 2031 421 2080 utrum
441 2021 642 2080 munimentum
662 2021 720 2080 loci
742 2039 777 2080 an
798 2022 932 2080 maiestas
952 2019 1000 2078 dei
1021 2020 1087 2096 plus
1108 2022 1160 2080 lric

133 2104 361 2167 fladmirationis
383 2103 499 2164 babeat.
541 2104 637 2164 bledia
664 2106 727 2163 saxi
747 2123 838 2183 rupes
858 2106 887 2164 in
906 2104 1025 2162 iormam
1049 2102 1160 2162 tbeatri

163 2187 298 2246 recessit.
339 2186 534 2259 Quamobrem
556 2196 585 2245 et
602 2187 745 2247 bominum
762 2188 872 2248 clamor
890 2195 920 2245 et
934 2185 1090 2262 siquando
1107 2203 1157 2245 ac·

165 2271 243 2329 cedit
259 2269 389 2330 tubarum
404 2287 511 2345 sonus,
527 2269 751 2346 personantibus
768 2279 798 2329 et
812 2268 1015 2329 resonantibus
1032 2269 1158 2327 intense

44 2410 50 2419 ,
163 2353 284 2430 rupibus
308 2353 459 2430 multiplex
480 2354 571 2412 audiri
594 2352 774 2430 ampliorque
795 2370 878 2431 quam
903 2353 998 2412 editur
1014 2368 1158 2412 resonare

165 2435 251 2494 solet.
287 2435 369 2509 Quae
388 2450 437 2495 res
453 2437 590 2494 maiorem
606 2438 764 2496 maiestatis
781 2446 924 2495 terrorem
942 2436 1052 2510 ignaris
1066 2435 1110 2493 rei
1126 2442 1158 2493 et

136 2519 383 2582 badmirationem
407 2516 586 2596 stupentibus
609 2519 780 2597 plerumque
803 2520 906 2578 adiert.
945 2516 978 2576 ln
997 2517 1055 2577 boc
1074 2518 1157 2594 rupis

165 2600 304 2661 anfractu
324 2601 416 2660 media
437 2602 529 2660 terme
543 2602 648 2660 montis
663 2602 811 2661 altitudine
825 2602 960 2681 planities
975 2603 1082 2676 exigna
1097 2608 1156 2674 est,

166 2695 251 2762 atque
275 2685 303 2742 in
325 2702 359 2745 ea
381 2684 552 2762 profundum
574 2693 672 2743 terrae
696 2685 843 2759 foramen,
876 2684 953 2761 quod
980 2685 1010 2741 in
1035 2682 1156 2742 oracula

166 2777 260 2847 patet:
284 2786 322 2827 ex
342 2785 400 2845 quo
423 2768 543 2844 frigidus
566 2768 683 2845 spiritus
704 2770 732 2826 vi
755 2768 876 2845 quadam
896 2766 976 2825 velut
996 2774 1110 2825 amento
1125 2768 1156 2823 in

166 2852 286 2912 sublime
311 2851 450 2929 expulsus
470 2860 581 2910 mentes
602 2858 697 2910 vatum
718 2851 747 2910 in
763 2852 930 2910 vecordiam
951 2850 1040 2907 vertit
1060 2848 1155 2925 inple·

124 2948 158 2998 10
168 2943 271 3011 tasque
288 2934 344 2993 deo
359 2950 501 3011 responsa
522 2932 738 2993 consulentibus
753 2933 822 2993 dare
838 2935 926 3010 cogit.
963 2929 1052 2991 blulta
1067 2932 1156 3007 igitur

165 3017 203 3077 ibi
220 3027 250 3077 et
267 3018 403 3094 opulenta
418 3035 519 3094 regum
534 3035 568 3076 ac
585 3016 758 3094 populorum
774 3019 903 3076 visuntur
914 3031 1047 3088 munera,
1064 3030 1154 3091 quae·

166 3118 222 3178 que
243 3101 456 3178 magnificentia
479 3101 522 3159 soi
542 3100 723 3160 reddentium
746 3109 814 3160 vota
840 3108 951 3177 gratam
977 3097 1155 3156 voluntatem

121 3192 125 3201 ·
166 3192 195 3241 et
210 3183 329 3242 deorum
345 3200 487 3262 responsa
502 3183 693 3242 manifestant.

139 3276 154 3327 l
232 3267 260 3325 7.
287 3265 378 3343 Igitur
394 3266 524 3326 Brennus
546 3283 607 3324 oum
629 3266 658 3324 in
679 3273 839 3342 conspectu
858 3263 981 3323 baberet
1003 3261 1152 3338 templum,

165 3346 212 3405 din
235 3347 424 3421 deliberavit,
453 3366 488 3408 an
510 3349 662 3408 confestim
692 3365 753 3406 rem
777 3345 987 3422 adgrederetur
1017 3362 1052 3403 an
1078 3359 1155 3402 vero

164 3428 252 3485 fessis
275 3432 322 3489 via
355 3431 491 3490 militibus
519 3433 613 3490 noctis
644 3431 767 3507 spatium
798 3427 1048 3489 ad'resumendas
1072 3426 1155 3484 vires
