2442 3975
94 242 138 293 111
149 245 203 295 au
433 244 734 294 ereremum.
1054 232 1096 293 33

94 401 187 460 diviso
206 403 339 460 exercitu
360 408 391 459 et
406 400 613 476 Spartanorum
633 414 723 474 agnos
743 404 929 479 vastaverunt
944 405 974 458 et
993 397 1096 457 multas

94 484 185 544 Asiae
202 485 336 543 civitates
350 482 569 542 Atheniensium
585 483 707 558 imperio
724 479 900 540 adiecerant.

159 566 266 626 7.‘His
285 566 368 625 malis
395 562 720 624 fracti‘Lacedaemonii
741 565 770 621 iu
793 579 883 621 anuos
904 561 988 622 XXX
1015 564 1126 641 pepi-1

94 658 200 726 gerunt
224 667 344 727 pacem,
367 647 420 706 sed
441 655 497 704 tam
516 646 634 722 longum
656 649 746 706 otium
765 646 929 704 inimicitiae
950 662 1007 704 nou
1025 646 1095 705 tule-

95 740 171 790 runt.
215 732 316 809 ltaque
333 739 415 793 extra
430 727 485 788 XV
500 747 590 789 annos
605 738 691 808 rupto
707 729 828 788 loedere
845 746 908 787 cum
928 737 1129 806 contemptui

94 815 214 873 deorum
228 814 430 890 hominumque
448 815 520 871 lines
533 812 649 872 Atticos
664 812 856 891 populantur,
872 821 948 870 etue
961 811 1098 890 praedam
1111 822 1129 874 3

95 900 191 977 potius
205 915 289 976 quam
301 913 429 975 pugnam
440 896 590 972 expetisse
601 894 780 971 viderentur,
795 893 896 955 hostes
909 895 944 954 ad
957 894 1098 974 proelium

95 989 267 1059 provocant.
312 978 371 1039 Sed
386 977 581 1037 Athenienses
597 979 720 1038 consilio
736 977 860 1038 Periclis
875 978 955 1038 ducis
976 978 1130 1057 popula-4

95 1065 181 1122 tionis
197 1065 326 1122 iniuriam
342 1062 476 1123 differunt
489 1062 517 1119 in
532 1069 646 1138 tempus
658 1062 1011 1140 ultionis‚=sapervacuam
1024 1079 1096 1139 pug-

95 1164 160 1205 uam
176 1138 391 1219 existimantes,
414 1160 478 1202 cum
492 1142 593 1202 ulcisci
606 1143 720 1203 hostem
740 1146 803 1203 sine
818 1144 950 1222 periculo
967 1153 1095 1222 possent.
1194 1155 1196 1159 ’

94 1228 168 1288 Dein
183 1229 343 1288 interiectis
359 1226 460 1286 diebus
477 1225 786 1307 navesflcousceuddnt
806 1235 847 1286 et'
858 1226 927 1286 nihil
951 1227 1128 1287 sentienti-5

95 1311 150 1371 hus
169 1311 405 1372 Lacedaemoniis
428 1318 515 1369 totam
543 1311 677 1387 Spartam
705 1310 918 1388 depraedantur
948 1310 1095 1387 multoque

96 1395 178 1474 plura
194 1395 325 1454 auferunt
341 1411 425 1472 quam
443 1396 616 1467 amiserant,
639 1409 760 1473 prorsus
780 1403 810 1452 ut
833 1396 862 1453 iu
889 1396 1097 1472 conparatione
1113 1402 1130 1455 6

96 1479 261 1536 damnorum
276 1477 366 1553 longe
380 1477 470 1553 pluris
485 1476 571 1534 inerit
586 1476 657 1536 ultio
674 1494 757 1556 quam
779 1478 889 1537 iniuria.
934 1477 1018 1538 Glara
1036 1479 1095 1554 qui·
1110 1485 1126 1538 7

97 1561 161 1620 dem
175 1560 249 1619 haec
264 1559 387 1619 Periclis
407 1556 555 1633 expeditio
569 1557 685 1635 hahita,
702 1560 755 1619 sed
768 1560 856 1619 multo
873 1561 980 1620 clarior
992 1559 1096 1638 privati

96 1644 259 1722 patrimonii
280 1648 463 1717 contemptus
486 1639 547 1697 luit.
590 1639 679 1698 Huius
695 1656 783 1718 agros
798 1644 827 1702 iu
842 1643 1030 1722 populatione
1047 1660 1093 1701 ce·
1110 1650 1128 1702 8

60 1756 66 1760 ·
94 1737 225 1785 terorum
239 1725 363 1782 intactos
385 1721 486 1781 hostes
505 1721 697 1800 reliquerant,
719 1735 871 1802 sperantes
891 1728 1096 1805 adquirere-se

97 1809 140 1868 illi
157 1825 246 1885 posse
256 1814 307 1866 aut
322 1805 482 1884 periculum
501 1822 539 1863 ex
552 1804 659 1864 invidia
671 1815 719 1865 aut
731 1826 768 1866 ex
781 1810 940 1887 suspitione
952 1808 1095 1888 'proditio-

95 1896 139 1950 nis
159 1890 313 1950 inlamiam.
358 1888 441 1963 Quod
462 1897 529 1947 aute
556 1889 742 1967 prospiciens
764 1889 894 1950 Pericles
921 1900 950 1951 et
972 1892 1127 1958 iuturum9

97 1974 207 2054 populo
226 1972 413 2053 praedixerat
425 1980 455 2031 et
471 1969 507 2032 ad
518 1970 643 2032 invidiae
657 1973 1096 2051 impetumdeclinandumagros

96 2062 178 2137 ipsos
200 2057 277 2118 douo
298 2059 341 2116 rei
360 2055 495 2136 publicae
510 2054 647 2132 dederat,
673 2065 758 2135 atque
782 2057 835 2133 ita,
850 2056 925 2117 unde
941 2057 1140 2136 periculumlo

96 2133 256 2219 quaesitum
276 2141 384 2216 iuerat,
409 2139 448 2198 ihi
469 2140 621 2199 maximam
637 2139 761 2215 gloriam
777 2141 895 2202 invenit.
940 2141 1011 2201 Post
1025 2139 1137 2203 haecll

96 2225 256 2284 interiectis
272 2221 373 2282 diebus
390 2221 484 2281 navali
496 2222 610 2299 proelio
624 2222 785 2284 dimicatum
797 2232 857 2284 est:
874 2223 1096 2288 victihacedac-

95 2308 184 2367 monii
200 2306 348 2383 fugerunt.
391 2304 455 2363 Nec
472 2314 615 2364 cessatum
631 2305 772 2385 deinceps
785 2316 846 2383 est,
869 2308 936 2386 quin
956 2316 1003 2368 aut
1021 2317 1139 2368 terralh

96 2392 235 2451 autmari
256 2390 336 2450 varia
361 2387 538 2467 proeliorum
566 2389 681 2468 fortuna
707 2391 830 2450 invicem
854 2408 887 2449 se
912 2391 1096 2452 trucidarent.

94 2474 228 2552 Denique
243 2473 316 2533 lessi
331 2480 374 2531 tot
387 2470 471 2531 malis
485 2489 588 2549 pacem
608 2473 636 2531 in
654 2491 745 2533 annos
759 2471 781 2535 L
796 2475 910 2550 iecere,
936 2493 1019 2555 quam
1040 2492 1098 2534 non
1106 2485 1140 2539 13

95 2560 151 2625 nisi
167 2559 316 2618 sexennis
333 2564 532 2615 servaverunt.
576 2554 648 2616 Nam
664 2557 800 2635 indutias,
822 2576 893 2636 quas
909 2563 1029 2639 proprio
1047 2577 1098 2618 uo·
1106 2568 1140 2620 14

97 2642 173 2698 mine
191 2639 398 2713 condixerant,
415 2657 453 2698 ex
469 2637 615 2698 sociorum
634 2658 760 2718 persona
780 2643 965 2720 rumpebant,
990 2645 1139 2722 quippe15

98 2724 181 2799 quasi
203 2724 295 2781 minus
316 2724 434 2800 periurii
460 2721 679 2800 contraherent,
706 2726 730 2783 si
751 2726 861 2801 ferrent
875 2728 964 2786 sociis
992 2727 1097 2785 auxilia

97 2806 294 2883 potiusquam
313 2806 340 2862 si
354 2806 409 2882 ipsi
424 2813 526 2882 aperto
544 2807 658 2882 proelio
677 2807 871 2868 dimicassent.
900 2810 978 2869 'Hinc
992 2807 1140 2870 hellumld

96 2889 126 2946 in
142 2889 269 2947 Siciliam
285 2887 465 2961 translatum,
489 2886 567 2965 quod
583 2891 748 2970 priusquam
765 2910 898 2970 expono,
921 2891 958 2949 de
981 2890 1097 2950 Siciliae

95 2972 153 3031 situ
174 2988 265 3049 pauca
283 2968 403 3030 dicenda
418 2978 492 3028 sunt.
