2442 3975
161 216 220 282 182
525 226 778 277 rooorromruu
1000 217 1149 275 xxxvto

158 384 232 442 inter
249 398 341 442 nouos
356 399 444 457 reges
460 380 671 455 altercabatur,
692 381 719 438 in
742 379 811 438 Asia
831 397 885 441 rer
906 378 1021 439 Attalus
1036 379 1145 440 doren-

157 467 296 525 tissimum
325 465 360 525 ab
382 465 510 525 Eumene
536 464 633 541 patr[e
661 471 690 521 et
717 462 815 521 Attalo
846 463 962 540 patrluo
991 472 1145 540 acceptum

158 566 277 624 regnum
294 548 430 607 caedibus
449 548 604 606 amicorum
627 554 656 604 et
674 554 868 622 cognatorum·¹
877 544 1027 622 suppliciis
1042 544 1144 605 ioeda·

158 631 223 707 bat,
242 649 315 690 nunc
323 637 442 689 matrem
452 626 572 703 [anumh
581 643 655 684 nunc
669 628 830 687 Beronicen
845 645 981 705 sponsam
993 628 1145 687 maleiiciis

129 728 259 779 beorum
275 722 405 773 necatam
418 710 596 788 confingens.
642 711 712 769 Post
728 710 802 769 hanc
816 711 972 769 scelestam
986 710 1144 771 violentiae

159 797 267 858 rabiem
283 796 566 875 squalidam-vestem
583 793 681 867 sumit,
698 792 816 852 barbam
834 793 1026 870 capillumque
1043 795 1144 853 in'mo·

158 881 223 941 dum
238 896 353 938 reorum
363 878 519 950 submittit,
537 894 593 936 non
610 877 638 932 in
654 875 797 952 pubiicum
810 876 944 952 prodire,
961 893 1019 934 non
1032 877 1162 954 populo.

159 983 191 1023 se
207 961 378 1036 ostendere,
401 978 459 1019 non
474 960 549 1019 domi
565 959 686 1019 laetiora
711 960 843 1019 convivia
864 959 936 1017 inire
958 967 1006 1016 aut
1026 959 1145 1037 aliquod

158 1048 268 1123 signum
284 1045 344 1104 sani
359 1044 481 1102 bominis
496 1042 622 1115 babere,
637 1057 757 1119 prorsus
774 1050 804 1099 ut
821 1059 932 1118 poenas
944 1041 1073 1119 pendere
1085 1059 1146 1101 ma·

129 1130 244 1196 3nibus
260 1127 478 1187 interfectorum
493 1125 650 1184 videretur.
696 1123 807 1182 Omissa
829 1124 933 1184 deinde
955 1126 1037 1200 regni
1055 1125 1146 1185 admi·

157 1212 324 1271 nistratione
347 1210 448 1268 hortos
468 1208 613 1281 fodiebat,
641 1210 769 1282 gramina
794 1205 913 1265 serebat
937 1215 967 1265 et
989 1209 1075 1267 noxia
1102 1209 1145 1266 in·

157 1295 251 1353 noxiis
269 1291 482 1370 permiscebat,
506 1308 598 1368 eaque
616 1291 716 1368 omnia,
729 1291 833 1349 veneni
854 1307 925 1348 suco
941 1290 1047 1350 infecta
1063 1291 1147 1350 velut

130 1376 311 1455 apeculiare
327 1375 543 1433 munus-amicis
567 1373 704 1433 mittebat.
749 1372 796 1432 Ab
818 1373 875 1431 hoc
896 1373 990 1432 studio
1012 1375 1146 1432 aerariae

158 1461 226 1518 artis
243 1457 373 1517 iabricae
392 1475 424 1516 se
439 1457 540 1531 tradit,
559 1458 693 1533 cerisque
708 1456 852 1532 iungendis
868 1465 897 1541 et
911 1474 980 1516 aere
996 1454 1144 1516 fundendo

128 1556 144 1608 5
160 1540 405 1620 procudendoque
424 1540 596 1600 oblectatur.
627 1539 710 1598 Matri
726 1540 831 1599 deinde
846 1540 1028 1616 sepulchrum
1043 1540 1146 1600 iacere

158 1626 293 1699 instituit,
320 1625 366 1681 cui
384 1626 466 1700 operi
487 1626 610 1682 intentus
632 1623 761 1681 morbum
783 1641 820 1681 ex
839 1622 910 1681 sciis
931 1623 1050 1682 fervore
1075 1639 1144 1681 con·

158 1708 243 1766 traxit
260 1715 288 1764 et
302 1709 423 1782 septima
442 1706 487 1765 die
503 1707 640 1765 decessit.
684 1705 774 1764 Huius
790 1714 961 1764 testamento
983 1706 1071 1765 heres
1091 1723 1144 1782 po-

74 1841 77 1845 .
130 1789 244 1868 apulus
256 1788 400 1849 Romanus
417 1799 482 1848 tunc
498 1790 661 1848 instituitur.
692 1787 764 1847 ·Sed
786 1798 848 1851 erat
866 1806 904 1846 ex
919 1788 1048 1848 Eumene
1062 1789 1144 1846 Aris·

158 1874 286 1946 tonicus,
309 1888 366 1930 non
393 1874 467 1931 iusto
491 1872 689 1944 matrimonio,
717 1870 769 1929 sed
797 1888 834 1929 ex
861 1872 976 1947 paelice
1002 1871 1144 1948 Ephesia,

159 1955 323 2015 citharistae
339 1947 486 2014 cuiusdam
504 1953 578 2029 iiiia,
594 1954 729 2030 genitus,
754 1954 807 2031 qui
821 1963 888 2030 post
909 1963 1030 2015 mortem
1053 1953 1145 2014 Attali

127 2038 239 2105 tvelut
252 2046 403 2115 paternum
417 2055 537 2113 regnum
553 2036 650 2096 Asiam
665 2038 776 2097 invasit.
822 2034 892 2095 Cum
912 2039 997 2097 multa
1015 2038 1144 2096 secunda

158 2121 269 2199 proelia
291 2119 431 2179 adversus
451 2120 598 2196 civitates,
621 2138 694 2198 quae
716 2129 794 2178 metu
815 2119 1007 2180 Romanorum
1027 2121 1145 2181 tradere

158 2223 190 2263 se
216 2203 309 2262 eidem
330 2203 486 2277 nolebant,
516 2203 639 2262 fecisset
658 2206 807 2280 iustusque
832 2204 887 2262 iam
907 2222 961 2263 rex
984 2205 1144 2276 videretur,

129 2286 231 2352 &Asia
246 2284 354 2345 Licinio
370 2282 478 2345 Crasso
501 2286 611 2344 consuli
635 2285 814 2360 decernitur,
836 2287 884 2362 qui
904 2290 1040 2348 intentior
1062 2287 1144 2345 Atta·

158 2370 232 2428 iicae
249 2370 375 2445 praedae
391 2386 474 2445 quam
489 2368 585 2443 bello,
608 2387 672 2427 cum
686 2378 817 2428 extremo
834 2370 897 2427 anni
918 2375 1050 2449 tempore
1067 2370 1145 2428 inor·

159 2451 251 2510 dinata
269 2452 333 2511 acie
350 2452 492 2530 proelium
503 2454 715 2526 conseruisset,
733 2452 826 2511 uictus
838 2470 949 2529 poenas
961 2453 1145 2514 inconsultae

127 2547 144 2600 9
160 2535 296 2593 auaritiae
312 2535 451 2610 sanguine
467 2533 554 2594 dedit.
599 2535 631 2593 ln
645 2534 729 2593 huius
750 2533 845 2593 locum
866 2538 970 2596 missus
991 2536 1145 2613 Perpenna

158 2615 259 2676 consul
277 2618 364 2693 prima
381 2618 592 2692 congressione
607 2616 801 2675 Aristonicum
818 2627 982 2695 superatum
999 2620 1028 2678 in
1042 2628 1144 2697 potes·

157 2708 245 2759 tatem
261 2717 341 2758 suam
353 2700 467 2775 redegit
482 2698 683 2777 Attalicasque
704 2718 809 2775 gazas,
832 2701 1022 2761 hereditarias
1034 2699 1146 2779 ,popuii

116 2796 151 2847 ιο
161 2782 294 2857 Romani,
318 2783 437 2841 nauibus
454 2784 596 2859 inpositas
609 2782 729 2841 Romam
744 2784 919 2859 deportavit.
954 2783 1040 2857 Quod
1052 2801 1145 2859 aegre

156 2866 256 2925 iereus
271 2881 427 2923 successor
442 2865 503 2923 eius
518 2864 629 2925 Manius
645 2865 776 2944 Aquilius
796 2868 897 2926 consul
912 2869 948 2928 ad
964 2866 1144 2944 eripiendum

156 2947 349 3008 Aristonicum
371 2947 558 3025 Perpennae,
586 2949 676 3007 veluti
702 2950 746 3007 sui
765 2951 861 3026 potius
886 2950 1023 3030 triumphi
1043 2966 1146 3008 munus

115 3042 147 3095 ll
160 3049 228 3090 esse
247 3029 384 3104 deberet,
406 3030 540 3090 festinata
563 3030 720 3090 velocitate
741 3033 895 3093 contendit.
941 3035 1000 3094 Sed
1024 3042 1144 3092 conten·

114 3124 148 3177 lu
160 3114 267 3172 tionem
283 3114 431 3173 consulum
446 3131 525 3172 mors
540 3113 708 3191 Perpennae
723 3114 844 3174 diremit.
888 3116 938 3175 Sic
952 3118 1023 3175 Asia
1038 3114 1145 3174 Roma·

157 3211 258 3255 norum
275 3196 352 3256 iacta
368 3215 431 3255 oum
445 3196 550 3274 opibus
563 3198 622 3255 suis
633 3198 701 3255 uitia
716 3213 833 3274 quoque
845 3197 964 3258 Romam
974 3198 1144 3273 transmisit

515 3402 726 3411 ——..-..—..
