2442 3975
171 191 213 258 bt]
283 261 291 275 ‚
548 205 798 276 uaccreouam
1043 199 1169 256 muas

143 361 257 425 scitum
273 368 375 420 vocat:
404 359 444 419 ibi
459 359 527 419 ntnu
545 368 638 419 actum
653 368 696 419 tot
712 359 841 435 egregiis
857 360 979 436 proeliis
995 361 1052 435 ait,
1077 362 1103 420 si
1125 363 1167 421 in·

174 442 292 502 columis
314 443 461 514 orientalis
478 442 610 501 barbaria
625 443 817 520 relinquatur;
850 460 905 501 nec
919 460 953 501 se
970 461 1092 521 corpus,
1113 446 1168 505 sed

172 542 291 600 reguum
313 525 401 585 Darei
423 527 554 603 petisse;
583 525 866 603 persequendosque
894 543 946 584 eos
971 544 1056 601 esse,
1079 530 1127 604 qui
1150 546 1168 589 a

145 617 265 684 dregno
279 608 451 672 defecerint.
476 608 537 668 Hac
553 609 684 666 oratione
698 607 779 667 velut
793 625 830 666 ex
846 608 960 684 integro
974 610 1098 669 incitatis
1115 612 1167 669 mi·

144 691 253 753 alitum
273 690 372 750 adimis
388 689 559 765 Hyrcaniam
576 689 751 767 Mardosque
764 689 890 766 subegit.
928 690 971 750 lbi
992 693 1020 750 ei
1040 694 1167 752 occurrit

172 773 331 833 Thalestris
348 778 409 833 sive
424 773 561 849 blinithya
577 773 753 832 Amazonum
775 774 874 849 regina
896 790 959 832 cum
976 773 1049 833 CCC
1066 776 1165 835 mulie·

171 856 250 914 ribus
264 854 374 915 XXXV
390 857 498 915 dierum
513 860 587 916 inter
607 856 834 915 confertissimas
852 865 956 933 gentes
977 859 1080 917 itinere
1097 875 1164 916 con-

144 939 267 1019 6iectq,
291 958 328 997 ex
349 958 420 1017 rege
436 940 546 1000 liberos
563 940 741 1016 quaesitura;
772 940 851 997 cuius
869 951 1043 1018 conspectus
1059 941 1165 1000 adven-

171 1031 274 1098 tusque
293 1022 470 1082 admirationi
492 1022 624 1082 omnibus
638 1022 690 1081 fuit
706 1030 735 1081 et
757 1024 1038 1100 propterinsolitum
1053 1025 1166 1094 leminis
1209 1043 1211 1048 ’

143 1104 296 1166 thabitum
315 1115 344 1163 et
360 1115 480 1184 propter
496 1106 653 1183 expetitum
672 1104 865 1165 concubitum.
896 1106 941 1165 Ob
956 1107 1013 1166 hoc
1025 1107 1166 1167 tredecim

171 1187 272 1246 diebus
296 1189 354 1247 otio
371 1207 386 1246 a
403 1206 474 1263 rege
497 1189 586 1263 datis,
611 1197 642 1246 ut
663 1197 708 1247 est
722 1189 783 1247 visa
807 1198 918 1268 uterum
935 1189 1092 1267 implesse,
1108 1190 1165 1249 dis·

171 1273 269 1328 cessit.

140 1362 159 1415 8
230 1351 299 1410 Post
314 1351 388 1409 haec
399 1350 567 1418 Alexander
576 1350 702 1410 habitum
715 1369 816 1428 regum
830 1351 980 1411 Persarum
994 1362 1023 1412 et
1034 1354 1166 1414 diadema

170 1432 313 1492 insolitum
329 1442 412 1492 antea
429 1433 549 1508 regibus
567 1431 781 1509 Macedonicis,
805 1435 886 1494 velut
907 1436 936 1494 iu
958 1437 1042 1513 leges
1065 1454 1166 1496 eorrurr

138 1526 243 1593 oquos
257 1515 367 1575 vicerat
389 1517 538 1591 transiret,
561 1516 692 1575 adsumit.
723 1515 804 1588 Quae
834 1536 870 1577 ne
890 1519 1059 1580 invidiosius
1079 1522 1107 1578 iu
1130 1538 1165 1578 se

74 1595 79 1600 ’
169 1616 226 1657 uno
242 1599 496 1676 conspicerentur,
513 1599 623 1666 amicos
639 1617 755 1677 quoquc
770 1617 839 1659 suos
856 1601 971 1678 longam
985 1611 1098 1661 vestem
1115 1620 1164 1661 au·

127 1693 161 1743 lo
171 1690 259 1739 ratam
284 1699 516 1759 purpureamque
533 1700 648 1761 sumere
664 1682 753 1742 iubet.
786 1683 824 1741 Ut
842 1684 939 1743 luxum
958 1702 1073 1763 quoque
1090 1686 1166 1746 sicut
1213 1695 1217 1700 ’

170 1764 275 1822 cultum
293 1764 445 1824 Persarum
460 1766 634 1839 imitaretur,
652 1766 728 1824 inter
741 1767 884 1843 paelicum
899 1769 1042 1845 regiarum
1054 1784 1164 1844 greges

126 1858 159 1910 ll
168 1847 281 1906 electae
293 1847 511 1923 pulchritudinis
527 1847 743 1928 nobilitatisque
755 1851 880 1909 noctium
893 1847 975 1910 vices
988 1851 1095 1910 dividit.
1112 1849 1165 1908 llis

168 1929 406 2007 rebusingentes
422 1931 570 2010 epularum
592 1940 749 2009 apparatus
763 1933 866 2009 adicit,
888 1951 924 1992 ne
947 1934 1041 1993 ieiuna
1061 1940 1091 1992 et
1113 1932 1164 1993 de·

169 2022 276 2073 structa
292 2014 403 2074 luxuria
419 2015 581 2088 videretur,
598 2016 817 2093 conviviumque
840 2017 916 2075 iuxta
930 2017 1039 2092 regiam
1053 2016 1164 2091 magui·

126 2105 160 2159 lu
169 2092 312 2156 licentiam
327 2098 401 2157 ludis
419 2107 557 2171 exornat,
578 2098 727 2157 immemor
742 2116 861 2176 prorsus
877 2107 969 2157 tantas
985 2114 1060 2176 opes
1075 2099 1164 2157 amitti

168 2180 213 2238 his
228 2179 371 2255 moribus,
388 2197 445 2240 non
456 2182 559 2259 quaeri
573 2180 682 2241 solere.

142 2274 156 2324 1
231 2265 261 2323 4.
284 2260 362 2321 luter
387 2263 460 2323 haec
485 2263 641 2345 indignatio
668 2264 790 2322 omnium
815 2264 884 2323 totis
911 2266 1013 2323 castris
1040 2273 1120 2338 erat,
1146 2280 1163 2323 a

169 2345 301 2421 Philippo
320 2345 397 2404 illum
419 2354 501 2423 patre
522 2355 629 2406 tanturm
650 2346 864 2423 degenerasse,
893 2356 923 2404 ut
945 2348 1030 2407 etiam
1051 2347 1164 2424 patriae

168 2444 273 2484 nomen
289 2428 414 2486 eiuraret
428 2446 583 2506 moresque
598 2428 750 2488 Persarum
762 2429 943 2503 adsumeret,
960 2448 1033 2508 quos
1043 2438 1165 2508 propter

141 2508 243 2569 utales
258 2527 356 2568 mores
372 2512 492 2570 vicerat.
525 2511 585 2571 Sed
604 2529 640 2570 ne
664 2512 745 2570 solus
759 2513 835 2570 uitiis
853 2530 969 2587 eorum,
989 2531 1062 2590 quos
1078 2513 1164 2572 armis
1182 2517 1184 2521 '

170 2592 350 2667 subiecerat,
366 2593 554 2653 succubuisse
566 2594 713 2653 videretur
719 2637 729 2668 ,
745 2594 881 2653 militibus
894 2612 1011 2673 quoque
1026 2597 1085 2655 suis
1097 2613 1164 2673 per·

169 2676 260 2749 misit,
276 2677 300 2733 si
311 2694 429 2752 quarum
443 2677 617 2754 captivarum
634 2677 843 2738 consuetudine
858 2686 1039 2754 tenerentur,
1055 2678 1165 2759 ducere

140 2769 293 2822 duxeras:
313 2760 478 2819 existimans
499 2762 637 2819 minorem
660 2761 688 2818 in
705 2761 824 2837 patriam
846 2761 954 2820 reditus
980 2762 1164 2839 cupiditatem

168 2842 289 2902 futuram
315 2841 487 2902 habentibus
505 2844 534 2901 in
554 2844 656 2904 castris
685 2843 837 2919 imaginem
859 2844 1000 2922 quandam
1019 2845 1108 2903 larum
1130 2860 1165 2901 ac

138 2925 458 2994 4domesticaesedis;
493 2925 576 3000 simpl
597 2944 635 2984 ex
653 2925 755 2984 labore
778 2928 895 2987 militiae
914 2927 1077 2987 molliorem
1099 2927 1165 2985 iore

138 3008 350 3073 5dulcedin'em
367 3026 497 3067 uxorum.
533 3008 565 3067 ln
587 3008 788 3087 supplementa
804 3026 920 3088 quoque
939 3009 1058 3067 militum
1072 3011 1165 3067 minus

169 3091 313 3150 exhauriri
333 3104 423 3169 posse
444 3090 657 3167 Macedoniam,
690 3094 714 3150 si
735 3094 881 3152 veteranis
903 3092 1031 3169 patribus
1054 3093 1166 3150 tirones

137 3174 218 3238 culti
234 3175 443 3252 succederent,
458 3176 603 3235 militaturi
620 3177 648 3233 in
662 3175 758 3251 vallo',
775 3177 802 3234 in
818 3192 874 3252 quo
890 3184 990 3234 essent
1005 3176 1079 3249 nati,
1096 3191 1164 3234 con·

140 3284 146 3295 ·
169 3259 383 3336 stantioresque
403 3259 505 3333 futuri,
534 3259 558 3316 si
578 3270 636 3318 non
657 3258 750 3318 solum
765 3260 913 3337 tirocinia,
928 3277 1028 3319 verum
1042 3268 1071 3316 et
1085 3260 1164 3316 incu-

143 3339 276 3403 tuabula
291 3342 320 3413 in
333 3342 403 3418 ipsis
424 3342 525 3401 castris
535 3343 722 3417 posuissent.
753 3341 835 3415 Quae
847 3342 1035 3420 ‚consuetudo
1054 3343 1083 3401 in
1099 3358 1165 3400 suc·

141 3421 337 3483 &cursoribus
350 3440 466 3502 quoque
477 3423 638 3484 Alexandri
650 3425 760 3483 mansit.
774 3424 865 3501 lgitur
876 3434 905 3485 et
919 3425 1053 3517 alimenta
1065 3420 1166 3501 pueris
