2442 3975
179 204 236 270 tao
539 221 647 268 recor
662 220 796 299 eourur·
968 211 1082 264 xxxvl
1097 216 1129 267 1.,
1145 218 1165 267 2

173 381 295 451 propter
313 375 462 450 segnitiam
480 381 661 450 contemptus
677 371 798 452 luisset,
815 389 852 431 ne
869 373 897 430 in
914 371 1016 431 eadem
1030 373 1101 433 vitia
1117 374 1163 433 in-

175 456 301 532 cideret,
320 465 442 534 recepta
463 457 491 514 ln
511 457 718 515 matrimonium
737 453 910 533 Cleopatra,
932 471 1026 515 uxore
1047 454 1162 533 fratris,

174 539 320 614 civitates,
341 556 415 616 quae
433 541 511 598 initio
530 540 647 597 fraterni
662 539 775 616 imperii
790 537 975 613 deiecerant,
991 555 1099 598 summa
1116 540 1161 597 in·

172 620 278 681 dustria
293 623 489 699 persequitur,
508 621 688 699 domitasque
701 637 799 680 rursus
812 623 895 697 regni
910 616 1039 679 terminis
1054 620 1159 687 adicit;

129 701 298 767 litludaeos
314 721 448 781 quoque,
468 705 516 781 qui
536 705 564 762 in
581 701 773 762 Macedonico
788 705 914 780 imperio
936 702 993 761 sub
1008 701 1159 763 Demetrio

172 794 254 862 patre
269 788 354 846 armis
365 804 398 845 se
412 788 441 845 in
452 786 613 878 lbertatem
624 786 857 859 vindicaverant,
875 784 1001 861 subegit.
1029 785 1159 859 Quorum

171 868 249 928 vires
265 878 360 928 tantae
378 868 479 944 luere,
501 877 531 927 ut
546 877 614 946 post
631 869 705 928 haec
720 868 827 927 nullum
851 867 1040 927 Macedonum
1055 885 1160 945 regem

171 949 288 1009 tulerint
303 951 528 1031 domesticisque
549 953 678 1029 imperiis
693 953 737 1009 usi
756 951 868 1025 Syriam
884 951 994 1033 magnis
1011 951 1100 1010 bellis
1116 952 1158 1010 in·

172 1032 349 1093 festarerint.
1129 1056 1133 1065 ·

144 1128 158 1178 l
235 1116 264 1174 2.
288 1115 417 1194 Namque
433 1117 546 1176 ludaeis
563 1117 647 1192 origo
658 1116 849 1191 Damascena,
861 1117 963 1191 Syriae
978 1115 1158 1195 nobilissima

121 1237 125 1243 »
173 1198 290 1271 civitas,
307 1200 382 1258 unde
399 1208 428 1258 et
441 1198 570 1274 Assyriis
587 1198 708 1275 regibus
728 1217 819 1276 genus
834 1217 872 1264 ex
889 1200 990 1275 regina
1006 1199 1160 1259 Semirami

143 1281 230 1340 afuit.
255 1278 367 1339 Nomen
382 1281 444 1340 urbi
458 1281 629 1342 aDamasco
646 1300 717 1358 rege
731 1283 866 1356 inditum,
882 1283 911 1340 in
924 1284 1004 1340 cuius
1016 1282 1160 1341 honorem

171 1363 247 1436 Syrii
264 1363 449 1439 sepulchrum
464 1364 604 1439 Athares,
621 1367 720 1424 uxoris
736 1367 888 1442 eius,⁸pro
903 1365 1012 1443 templo
1026 1364 1159 1439 coluere,

143 1445 312 1522 3deamque
335 1446 440 1505 exinde
464 1447 662 1505 sanctissimae
682 1448 833 1524 religionis
856 1446 973 1506 habent.
1007 1447 1077 1507 Post
1098 1445 1158 1507 Da·

171 1545 297 1588 mascum
309 1528 435 1603 Arelas,
451 1546 519 1588 mox
533 1529 649 1589 Adores
666 1540 695 1589 et
705 1531 886 1589 Abrahames
900 1540 929 1589 et
941 1530 1053 1590 lsrabel
1066 1548 1157 1606 reges

142 1611 263 1671 tinere.
298 1606 357 1672 Sed
374 1612 532 1671 lsrahelern
549 1612 621 1671 lelix
637 1612 739 1672 decem
756 1614 878 1671 liliorum
894 1623 1053 1690 proventus
1067 1614 1157 1672 maio·

141 1693 248 1755 tribus
266 1694 324 1753 suis
341 1694 494 1754 clariorem
508 1695 591 1777 iecit²
625 1695 726 1773 ltaque
743 1697 880 1774 populum
900 1697 929 1754 in
945 1696 1048 1756 decem
1064 1713 1157 1771 regna

169 1776 288 1835 divisum
304 1776 369 1837 liliis
387 1778 517 1853 tradidit,
537 1796 695 1857 omnesque
712 1797 750 1838 ex
763 1781 878 1839 nomine
895 1778 999 1855 Iudae,
1023 1779 1072 1857 qui
1086 1787 1157 1856 post

169 1858 338 1919 divisionem
350 1859 535 1936 decesserat,
551 1862 674 1921 ludaeos
687 1863 845 1940 appellavit
857 1862 973 1939 colique
988 1863 1157 1921 memoriam

138 1972 141 1977 >
170 1942 289 2003 eiusab
314 1943 444 2004 omnibus
466 1945 566 2020 iussit,
597 1945 795 2023 cuius-portio
818 1945 949 2006 omnihus
973 1953 1157 2005 accesserat.

141 2025 299 2086 oblinimus
316 2036 410 2087 aetate
426 2030 500 2087 inter
516 2028 543 2086 ir
562 2038 623 2088 tres
637 2028 745 2107 loseph
764 2028 831 2107 luit,
848 2030 928 2088 euius
943 2028 1095 2089 excellens
1113 2029 1156 2086 in·

168 2109 284 2184 genium
301 2108 407 2169 iratres
423 2112 507 2170 veriti
529 2130 602 2171 cam
620 2113 811 2188 interceptum
828 2113 992 2189 peregrinis
1008 2119 1156 2170 mercato·

139 2198 157 2252 7
170 2190 250 2250 ribus
264 2192 462 2253 vendiderunt.
493 2192 519 2252 A
534 2195 638 2274 qulbus
656 2195 825 2273 deportatus
839 2195 867 2252 in
883 2194 1069 2272 Aegyptum,
1091 2210 1157 2251 eum

168 2275 296 2349 magicas
307 2275 347 2334 ibi
362 2285 440 2336 artes
457 2276 570 2337 sollerti
583 2274 699 2355 in'genlo
711 2279 909 2356 percepisset,
925 2278 1010 2336 brevi
1021 2277 1158 2355 ipsi-regi

138 2365 308 2432 8percarus
329 2358 390 2418 luit.
430 2358 500 2419 Nam
528 2369 557 2420 et
583 2362 778 2438 prodigiorum
805 2361 1009 2436 sagacissimus
1035 2366 1098 2417 erat
1126 2367 1158 2418 et

167 2440 341 2498 somniorum
364 2443 471 2519 primns
493 2443 719 2520 intellegentiam
744 2444 885 2518 condidit,
915 2441 1044 2519 nihilque
1067 2442 1157 2501 divini

138 2520 237 2583 9iuris
254 2519 425 2602 humanique
438 2526 466 2584 ei
480 2526 657 2602 incognitum
671 2525 838 2587 videbator:
856 2523 930 2583 adeo
947 2533 977 2582 ut
992 2526 1080 2584 etiam
1096 2534 1156 2584 ste·

62 2609 64 2612 ’
167 2601 301 2668 rilitatem
315 2605 450 2683 agrorum
465 2616 531 2667 ante
546 2608 652 2668 multos
668 2626 758 2669 annos
774 2607 933 2687 providerit
942 2603 1155 2685 :perissetque

168 2689 259 2745 omnis
279 2686 432 2766 Aegyptus
457 2690 550 2766 lame,
573 2693 628 2750 nisi
646 2693 754 2751 monitu
772 2693 833 2750 eius
856 2708 910 2749 rex
928 2690 1026 2750 edicto
1042 2691 1155 2750 serrari

126 2779 160 2831 10
172 2786 224 2846 par
241 2770 346 2829 multos
358 2789 448 2831 annos
461 2772 562 2850 fruges
573 2775 721 2833 iussisset:
734 2783 869 2850 tantaque
881 2775 1079 2851 experimenta
1091 2773 1154 2831 eius

166 2850 297 2926 luerunt,
319 2863 350 2912 ut
370 2872 428 2915 non
445 2854 481 2915 ab
499 2856 632 2930 homine,
657 2856 709 2916 sed
725 2873 741 2916 a
759 2857 815 2916 deo
832 2873 976 2934 responsa
994 2856 1055 2914 dari
1072 2854 1153 2913 ride·

124 2945 156 2998 ll
170 2943 277 2994 rentur.
321 2935 411 2996 titius
436 2940 498 2997 aius
520 2938 639 3014 llloysss
665 2938 735 3013 fuit,
764 2957 849 3017 quem
872 2946 990 3015 praeter
1013 2946 1153 3015 paternae

167 3018 306 3078 scientiae
322 3018 511 3080 hereditatem
530 3023 615 3082 etiam
636 3022 747 3080 termae
768 3021 952 3100 pulchritudo
972 3019 1153 3080 commenda·

124 3109 158 3161 12
168 3099 226 3159 bat.
259 3101 318 3161 Sed
335 3100 489 3182 Aegyptii,
510 3121 574 3162 cnm
595 3102 723 3164 scabiem
744 3113 774 3163 et
788 3103 957 3179 vitiliginem
972 3111 1152 3180 paterentur,

164 3200 308 3261 responso
322 3187 421 3244 moniti
437 3204 501 3245 euru
517 3204 580 3245 eum
595 3188 711 3262 aegris,
726 3204 763 3245 ne
780 3186 871 3262 pestis
887 3187 924 3245 ad
938 3186 1039 3263 plures
1051 3202 1152 3261 serpe·

122 3275 158 3328 13
168 3275 223 3340 ret,
233 3269 360 3327 terminis
375 3269 501 3345 Aegypti
514 3270 635 3346 pellunt.
661 3267 727 3328 Dux
737 3271 824 3345 igitur
835 3268 950 3337 errulum
963 3270 1056 3327 laetus
1068 3283 1153 3326 sacra

165 3347 376 3424 Aegyptiorum
391 3351 468 3410 furto
484 3350 616 3425 abstulit,
634 3369 710 3429 quae
726 3361 894 3428 repetentes
909 3352 996 3411 armis
1013 3350 1154 3426 Aegyptii

122 3437 157 3487 14
167 3428 280 3487 domum
299 3430 395 3490 redire
413 3433 634 3509 tempestatibus
655 3433 788 3510 conpulsi
803 3442 878 3494 sunt.
912 3433 1014 3511 ltaque
1031 3432 1154 3506 lloyses
