2442 3975
94 212 272 309 nerva-a
455 226 756 277 mormannum.
1025 215 1089 276 215

94 380 162 441 ltula
184 379 318 459 inficitur.
354 377 418 441 Huc
434 379 577 441 accedunt
591 389 622 441 et
636 383 764 442 marinae
779 401 867 443 aurae
881 384 1005 462 undique
1021 401 1089 444 ver·

95 481 146 524 sus
168 463 281 523 adsidui
301 462 400 538 datas,
423 464 526 543 quibus
542 482 655 525 ornnem
673 466 853 544 provinciam
869 465 1089 545 penetrantibus

94 546 252 646 eventilato
286 549 418 606 terrestri
450 548 553 625 spiritu
587 550 747 626 praecipua
780 548 943 609 hominibus
980 552 1088 610 sanitas

93 630 347 790 Mddndlorpora
364 713 506 773 hominum
528 714 565 773 ad
582 692 705 774 inediam
723 715 928 795 laboremque,
950 715 1034 776 animi
1051 715 1115 777 adl

93 805 216 857 mortem
237 798 340 874 parati.
368 796 448 856 Dura
462 796 594 858 ornuilms
610 807 641 858 et
654 799 793 860 adstricta
809 800 993 878 parsimonia.
1023 797 1118 861 Bet-a

91 879 152 940 lum
170 897 255 958 mam
277 880 366 940 otium
387 880 514 940 malunt:
539 882 564 941 si
588 891 745 942 extraneus
762 883 862 958 deest,
881 883 957 942 dorni
974 881 1087 941 hostem

94 972 246 1043 quaerunt.
294 964 392 1042 Saepe
414 967 566 1025 tormentis
585 982 640 1043 pro
662 965 778 1025 silentio
800 985 896 1027 rernm
916 965 1089 1026 creditarum
1099 971 1123 1023 3-

93 1047 246 1107 inmortui:
276 1047 352 1107 adeo
372 1046 554 1119 illisiortior
577 1050 779 1108 taciturnitatis
800 1067 868 1110 cura
890 1066 974 1126 quarn
999 1049 1088 1108 vitae.

94 1128 268 1191 Celebratur
283 1131 369 1191 etiam
383 1130 465 1190 bello
480 1130 587 1190 Punico
602 1133 682 1191 servi
695 1131 771 1191 illius
786 1134 934 1211 patientia,
950 1132 998 1210 qui
1010 1131 1118 1193 ultual

92 1213 321 1274 dominaminter
335 1222 478 1274 tormenta
491 1215 550 1274 risu
566 1216 708 1275 exultavit
718 1233 881 1294 serenaque
899 1217 1008 1277 laetitia
1023 1233 1087 1291 cru·

93 1296 243 1357 delitatem
259 1299 454 1375 torquentium
469 1299 548 1358 vicit.
581 1298 733 1359 velocitas
747 1301 827 1377 genti
843 1301 957 1377 pernix,
974 1299 1119 1377 inquies5

92 1383 218 1441 ammae:
238 1380 367 1456 plurimis
378 1381 516 1443 militares
529 1382 597 1459 equi
611 1392 641 1442 et
654 1400 733 1442 arma
746 1385 885 1460 sanguine
899 1384 1027 1461 ipsorum
1040 1399 1088 1441 ca·

91 1462 195 1523 riora.¹
209 1461 314 1524 Nullus
337 1466 365 1524 in
385 1462 480 1524 festos
495 1464 557 1524 dies
572 1465 724 1544 epularum
742 1476 908 1545 apparatus.
938 1464 1116 1543 nquam-o

92 1547 151 1607 lida
176 1546 267 1607 lovari
288 1556 356 1626 post
379 1547 537 1608 monadum
563 1548 700 1608 Punicum
723 1548 833 1609 bellurn
853 1568 870 1609 a
891 1547 1029 1608 Romania
1045 1547 1087 1606 di-

90 1630 203 1691 dicere.

156 1712 189 1772 lu
199 1722 277 1775 tanta
288 1715 473 1775 saeculorum
487 1715 564 1774 serie
575 1713 670 1774 nullus
687 1715 745 1774 illis
760 1714 819 1775 dux
833 1732 954 1790 magnus
970 1722 1117 1792 praeteri

90 1796 231 1856 viriatum
248 1797 318 1874 luit,
345 1800 394 1876 qui
411 1798 492 1859 aunis
509 1799 612 1858 decem
627 1798 776 1858 Romanos
789 1799 870 1857 varia
885 1798 1007 1857 victoria
1022 1797 1087 1855 fati·

90 1881 185 1957 gavit:
206 1879 281 1941 adeo
303 1881 376 1941 feris
394 1883 534 1961 propiora
550 1899 634 1959 quarn
657 1880 821 1940 hominibus
840 1882 956 1956 ingenia
972 1887 1087 1957 gerunt.

33 2009 38 2016 .
91 1962 186 2037 Quem
211 1965 306 2043 ipsum
332 1981 390 2025 non
411 1965 519 2025 iudicio
547 1965 649 2044 populi
670 1964 816 2040 electum,
837 1963 891 2024 sed
911 1972 942 2024 ut
965 1962 1088 2032 carendi

90 2049 231 2107 scientem
243 2049 537 2128 declinandorumque
555 2049 752 2128 periculorum
767 2051 890 2127 peritum
907 2048 1001 2107 secuti
1011 2055 1086 2106 sunt.

91 2130 179 2191 Gaius
194 2148 229 2191 ea
242 2134 333 2192 virtus
346 2135 579 2210 continentiaque
596 2134 661 2207 fuit,
678 2142 720 2207 ut,
737 2150 801 2192 oum
814 2130 986 2191 consulares
1001 2138 1118 2192 exer-8

91 2216 165 2286 citus
186 2215 358 2294 {requenter
376 2217 498 2291 vicerit,
519 2217 607 2276 tantis
628 2214 717 2275 rebus
733 2216 826 2292 gestis
848 2231 906 2273 nou
931 2230 1086 2287 armorum,

90 2315 148 2362 non
169 2302 262 2358 vestis
285 2299 408 2376 cultum,
430 2316 488 2358 non
513 2300 640 2377 denique
660 2300 767 2359 victum
791 2300 961 2372 mutaverit,
983 2296 1088 2356 sedin
1110 2369 1115 2380 ι

91 2399 129 2442 eo
153 2382 266 2457 habitu,
292 2400 349 2460 quo
372 2386 493 2461 primurn
512 2381 626 2442 bellare
650 2384 764 2459 coepit,
787 2380 1040 2460 perseveraverit,
1058 2386 1089 2437 ut

89 2466 184 2544 quiris
196 2468 352 2543 gregarius
369 2467 454 2527 miles
471 2469 538 2544 ipso
555 2466 733 2544 imperatore
746 2465 913 2542 opulentior
927 2463 1087 2522 videretur.

66 2570 71 2579 ·
154 2549 184 2611 3.
208 2549 241 2609 ln
261 2549 404 2611 lusitanis
425 2551 502 2609 iuxta
518 2549 635 2610 durium
652 2547 873 2626 ramerenco
895 2565 987 2625 equas
1009 2546 1115 2607 fetuel

15 2653 18 2659 ’
89 2634 250 2709 concipere
264 2634 347 2694 multi
362 2642 500 2694 auctores
515 2632 685 2711 prodidere.
715 2631 797 2705 Quae
812 2631 982 2692 fabularer
999 2646 1088 2707 equa·

88 2733 151 2775 rurn
172 2715 349 2777 fecunditate
364 2727 395 2778 et
409 2734 532 2795 gregum
552 2715 733 2776 multitudiue
748 2724 833 2776 natae
850 2724 931 2775 sunt:
955 2715 1003 2792 qui
1018 2712 1089 2772 tanti

88 2801 118 2858 iu
134 2799 283 2860 Gallaecia
305 2818 341 2861 ac
362 2800 508 2860 lusitania
529 2809 559 2859 et
580 2808 639 2859 tam
652 2800 791 2876 pernices
807 2800 955 2871 visuntur,
981 2804 1088 2854 utnon

88 2884 230 2942 inmerito·
257 2892 347 2943 vento
379 2886 444 2960 ipso
470 2884 607 2961 concepti
633 2882 793 2942 videantur.
830 2881 963 2941 Gallaeoi
991 2886 1118 2938 autema

88 2964 230 3027 Graecam
245 2966 300 3027 sibi
312 2968 452 3043 originem
467 2966 621 3026 adserunt:
638 2966 781 3044 siqnidem
792 2964 958 3042 posttiuem
970 2960 1090 3020 Troiani

88 3048 161 3109 belli
177 3049 320 3110 Teucrum
343 3059 438 3114 morte
453 3049 560 3127 Aiacis·
578 3049 678 3109 fratris
693 3049 817 3109 invisum
832 3047 908 3125 patri
922 3042 1088 3119 Telamoni,

89 3150 154 3193 cum
170 3150 229 3192 non
243 3136 429 3213 reciperetur
443 3134 472 3192 in
487 3150 627 3210 regnum,
652 3131 780 3210 cyprum
796 3125 984 3200 cmce'seiss‘e
1000 3136 1088 3205 atque

12 3227 16 3230 ’
87 3215 129 3275 ibi
154 3216 258 3278 urbem
279 3219 395 3277 nomine
417 3217 553 3295 antiquae
575 3216 688 3295 patriae
706 3213 879 3275 Salaminam
905 3209 1088 3279 condidisse;

87 3300 155 3359 inde
181 3310 305 3380 accepta
331 3302 469 3380 opinione
494 3309 637 3378 paternae
659 3299 761 3358 mortis
779 3297 903 3376 patriam
927 3294 1088 3372 repetisse,

89 3382 144 3443 sed
170 3401 234 3444 cum
256 3384 292 3445 ab
314 3383 485 3459 Eurysace,
510 3383 610 3444 Aiacis
627 3381 706 3457 lilio,
730 3398 856 3442 accessu
870 3376 1120 3458 prohiberemus

88 3463 247 3547 Hispaniae
268 3467 405 3530 litoribus
426 3467 578 3545 adpulsum
600 3467 686 3541 loca,
709 3463 759 3525 ulti
780 3481 859 3524 nunc
873 3471 920 3524 est
941 3459 1090 3536 Carthago
