2442 3975
152 219 194 284 68
482 229 492 240 ι
519 230 627 279 nacor
642 230 773 279 nonem
1045 221 1150 276 xlae

126 387 232 448 nlnter
252 385 331 444 initia
350 384 454 443 multas
475 394 579 461 gentes
600 384 782 444 rebellantes
805 386 991 463 conpescuit;
1022 383 1150 447 orientes

127 468 304 532 5nonnullas
330 467 489 527 seditiones
514 469 646 527 extinxit.
684 466 794 540 Quibus
815 468 904 528 rebus
924 477 1040 527 erectos
1063 469 1150 526 citato

147 552 247 630 ¹gradu
262 553 289 609 iu
305 549 454 611 Graeciam
471 551 634 624 contendit,
657 549 706 609 uhi
724 551 861 629 exemplo
878 552 968 629 patris
985 549 1151 609 Corinthum

127 635 287 699 sevocatus
303 633 465 692 civitatibus
487 634 568 693 dux
559 653 588 693 m
609 634 705 692 locum
729 635 791 692 eins
812 634 1000 693 substituitur.
1029 632 1149 692 lneoha-

127 728 215 782 itum
238 717 342 777 deinde
367 735 384 775 a
407 725 488 793 patre
508 716 660 779 Persicum
678 715 784 775 bellum
806 716 991 793 adgreditur:
1017 717 1044 775 in
1071 717 1150 774 cuius

76 862 80 873 ,
155 808 294 877 apparatu
313 807 457 875 occupato
473 801 615 859 nuntiatur
629 782 824 858 Athenienses
842 808 871 858 et
887 798 1042 859 Thebanos
1063 798 1098 857 ab
1114 815 1150 857 eo

155 883 191 943 ad
215 883 321 942 Persas
348 881 494 941 deiecisse
520 892 727 959 auctoremque
754 884 817 940 eius
850 881 1022 942 defectionis
1047 897 1150 958 magno

155 967 215 1024 auri
244 964 374 1043 pondere
402 982 417 1023 a
444 965 542 1024 Persis
567 973 733 1042 corruptum
757 963 981 1024 Demosthenem
1006 973 1151 1024 oratorem

125 1050 304 1120 enuntiasse,
339 1049 387 1125 qui
410 1046 599 1107 Macedonum
623 1047 735 1106 deletas
758 1064 860 1106 omnes
883 1065 946 1106 cum
963 1064 1035 1124 rege
1052 1047 1151 1124 copias

156 1129 322 1189 aTriballis
339 1130 532 1189 adfirmaverit
546 1130 689 1207 producto
708 1132 736 1187 in
758 1132 922 1189 contionem
945 1140 1081 1203 auctore,
1105 1129 1152 1206 qui

154 1215 183 1272 in
198 1230 236 1271 eo
252 1212 383 1289 proelio,
409 1213 441 1268 in'
458 1227 515 1287 quo
538 1230 591 1271 rex
606 1211 761 1285 ceciderit,
789 1230 822 1270 se
839 1228 956 1290 quoque
973 1213 1152 1271 vulneratum

96 1326 98 1331 ⁴
127 1297 276 1359 ediceret.
305 1292 367 1366 Qua
384 1294 520 1369 opinione
535 1303 659 1353 mutatos
675 1295 798 1352 omnium
812 1295 903 1352 ferme
922 1295 1076 1353 civitatium
1093 1296 1152 1354 ani·

113 1390 217 1439 1umos
236 1393 318 1441 esse;
351 1374 495 1451 praesidia
517 1374 707 1435 Macedonum
731 1375 869 1435 obsideri.
903 1375 1012 1449 Quibus
1027 1376 1153 1436 motibus

155 1475 329 1517 occursurus
344 1466 420 1517 tanta
431 1458 582 1517 celeritate
594 1459 735 1518 instructo
750 1457 912 1536 paratoque
925 1461 1055 1519 exercitu
1064 1458 1152 1519 lirae-

155 1544 227 1601 ciam
250 1542 414 1619 oppressit,
435 1549 482 1615 ut,
504 1558 588 1618 quern
609 1543 710 1601 venire
732 1558 789 1599 non
812 1551 978 1618 senserant,
1002 1544 1103 1602 videre
1119 1559 1152 1600 se

141 1627 204 1685 ¹vix
224 1620 387 1684 crederent.

126 1720 141 1769 l
218 1708 246 1767 3.
270 1706 435 1765 intransitu
451 1706 581 1765 hortatus
597 1706 768 1767 Thessalos·
778 1709 872 1768 fuerat
887 1708 1152 1782 beneficiorumque

155 1789 279 1868 Philippi
302 1791 391 1867 patris
409 1798 616 1867 maternaeque
640 1808 711 1850 suae
738 1810 801 1850 cum
829 1791 874 1851 bis
895 1793 948 1852 sub
960 1790 1152 1850 Aeacidarum
1171 1808 1180 1823 ·

127 1882 244 1949 agente
260 1872 482 1932 necessitudinis
497 1873 693 1933 admonuerat.
725 1872 836 1953 Cupide
851 1874 925 1934 baec
940 1872 1088 1934 Thessalis
1104 1890 1152 1931 au·

155 1956 297 2016 dientibus
316 1956 452 2034 exemplo
475 1957 565 2034 patris
584 1956 642 2017 dux
662 1958 816 2018 universae
837 1959 932 2036 gentis
953 1963 1068 2015 oreatus
1090 1965 1153 2015 erat

127 2049 187 2103 3et
211 2039 365 2116 vectigalia
392 2041 485 2100 omnia
512 2041 680 2117 reditusque
714 2058 784 2101 suos
811 2044 838 2102 ei
867 2040 1051 2099 tradiderant.
1092 2039 1153 2099 Sed

154 2122 364 2197 Athenienses,
392 2125 476 2181 sicuti
500 2124 583 2201 primi
608 2124 794 2198 deiecerant,
827 2126 865 2183 ita
889 2124 972 2199 primi
1000 2122 1152 2200 paenitere

127 2215 332 2282 acceperunt,
361 2214 554 2284 contemptum
580 2207 673 2266 hostis
706 2209 733 2266 in
762 2169 977 2267 admirationem
1003 2214 1152 2264 vertentes

155 2290 364 2366 pueritiamque
380 2288 539 2349 Alexandri
560 2299 693 2387 spretam·
704 2300 787 2350 antea
812 2307 900 2367 supra
920 2277 1058 2348 virtutem
1070 2297 1151 2347 vete·

129 2383 218 2433 trum
234 2369 335 2429 ducum
351 2371 538 2430 extollentes.
572 2370 693 2432 blissis
684 2383 782 2471 utaque
798 2373 904 2449 legatis
924 2371 1031 2432 bellum
1047 2372 1152 2449 depre-

157 2455 271 2512 cantur:
302 2454 407 2531 quibus
423 2454 526 2514 auditis
542 2463 571 2513 et
587 2456 718 2532 gravlter
734 2456 892 2534 increpatis
906 2455 1075 2515 Alexander
1090 2453 1152 2514 bel·

52 2589 62 2608 .
126 2535 213 2598 filum
228 2537 347 2594 remisit.
387 2536 457 2596 Inde
479 2535 595 2597 Thebas
618 2540 776 2598 exercitum
802 2539 962 2614 convertit,
990 2538 1091 2597 eadem
1111 2539 1152 2595 in·

127 2618 301 2694 idulgentia
326 2636 445 2716 usurus,
478 2620 502 2678 si
528 2637 628 2699 parem
656 2617 859 2699 paenitentiam
886 2622 1054 2680 invenisset
1092 2619 1152 2680 Sed

156 2700 283 2760 Thebani
308 2703 409 2776 armis,
436 2720 493 2761 non
520 2704 658 2781 precibus
686 2721 741 2763 nec
773 2704 980 2782 deprecatione
1007 2704 1052 2763 usi
1077 2712 1151 2762 sunt.

154 2783 256 2881 ltaque
269 2785 338 2842 victi
354 2786 523 2861 gravissima
548 2804 682 2865 quaeque
704 2778 848 2865 supplicia
864 2788 1044 2847 miserrimae
1063 2786 1152 2865 capti·

98 2873 100 2878 ’
127 2866 249 2929 &vitatis
273 2869 387 2944 experti
410 2878 483 2928 sunt.
515 2866 615 2928 Cum
605 2888 636 2927 ru
651 2870 774 2930 consilio
789 2870 825 2930 de
847 2870 962 2930 excidio
984 2870 1064 2929 urbis
1080 2869 1152 2928 deli·

154 2949 321 3023 beraretur,
351 2950 520 3010 Phocenses
536 2961 565 3010 et
581 2951 770 3011 Plataeenses
794 2962 823 3012 et
839 2952 1036 3030 Thespienses
1053 2961 1083 3010 et
1099 2950 1153 3009 Οι-

155 3031 312 3107 cbomenii,
338 3031 497 3094 Alexandri
520 3035 594 3093 socii
614 3036 814 3113 victoriaeque
839 3036 1014 3112 participes,
1037 3033 1154 3092 excidia

154 3113 264 3173 urbium
293 3132 407 3174 suarum
440 3116 698 3195 crudelitatemque
733 3118 934 3178 Thebanorum
972 3114 1153 3190 referebant,

126 3196 247 3258 9studia
264 3197 293 3255 in
313 3198 417 3258 Persas
433 3215 491 3257 non
507 3201 672 3276 praesentia
687 3210 808 3275 tantum,
831 3216 930 3259 verum
944 3210 972 3259 et
985 3209 1087 3259 vetera
1102 3199 1153 3259 ad·

111 3289 146 3339 10
155 3294 257 3337 versus
272 3278 412 3341 Graeciae
432 3281 615 3341 libertatem
606 3293 805 3361 recrepantes:
825 3301 910 3360 quam
925 3282 964 3343 ub
981 3301 1043 3342 rem
1056 3282 1154 3342 odium

153 3375 207 3418 eos
223 3363 344 3420 omnium
360 3363 534 3440 populorum
557 3383 639 3424 esse:
672 3367 750 3442 quod
772 3366 850 3425 vel
843 3383 940 3428 exeo
962 3364 1153 3436 manifestari,

154 3440 262 3514 quod
253 3459 315 3500 rure
341 3445 460 3505 iurando
481 3464 514 3505 se
531 3463 635 3508 omnes
656 3447 879 3525 obstrinxerint,
909 3458 940 3508 ut
954 3450 1039 3509 victis
1054 3447 1154 3509 Persis
