2442 3975
424 196 462 246 nr
484 192 619 247 marim
635 196 709 246 xx1.
1017 184 1076 247 107

60 355 104 431 Cf.
116 354 169 413 IX
179 357 209 425 7,
221 359 239 415 3
253 352 380 425 iurgaret
437 354 531 412 omnia
546 360 663 428 quaesta
677 351 736 430 (uel
748 350 863 429 questi)
878 355 975 413 iacere
990 352 1077 414 ΛΟΜ.

61 441 154 498 ornnia
168 444 287 510 quaestu
299 438 355 498 iac.
373 436 406 494 G.
428 439 554 511 omniaq;
570 440 624 496 ista
640 438 737 496 iacere
751 438 816 495 BF.
838 439 963 511 omnino:
978 441 1017 497 ite
1036 439 1079 496 ia·

61 542 127 581 aare
142 522 313 594 Boanueb
326 522 381 579 ΕΙ)
397 517 428 596 (q
444 525 493 577 int.
508 520 583 597 lm).
600 524 692 581 omnia
708 523 747 579 ita
763 521 860 579 iacere
873 521 908 578 L.
925 522 1079 590 Quaecum-

61 624 114 681 que
132 609 229 679 turpia
250 613 277 661 et
293 607 471 678 iqnominioso
488 609 667 680 proeqressio
687 607 826 679 infinitivis
844 606 960 676 vagari,
979 613 1079 679 potato

63 699 125 748 cett.
139 694 170 745 in
189 691 351 762 dionysium
366 690 553 762 conferuntur
574 692 664 748 vertis
681 690 934 747 omnia—iacere
952 704 1078 762 compre·
1169 742 1173 751 ,

61 777 146 832 tendi
167 780 196 829 ct
211 774 314 830 absolui
335 773 510 846 manifestum
531 780 580 831 cot.
614 774 682 831 Loci
696 776 780 846 iqitur
795 775 944 829 tententiae
964 774 1004 829 ita
1024 774 1081 828 iam

61 863 130 917 οιιιιι
147 860 215 931 fiat,
239 860 266 913 si
279 859 418 914 scribatur
434 857 525 915 omnia
542 859 638 915 iacere
657 860 676 913 i.
694 874 720 914 e.
734 847 833 914 adura
850 856 958 927 ποιεῖν,
974 871 1080 912 omnem

60 943 183 1016 lapidem
204 956 330 1012 movere,
344 942 412 999 nait
430 944 621 1014 intemptatum
642 943 807 1014 relinquere.
842 940 902 998 Vid.
916 940 1078 998 Stallbaum.

61 1029 100 1084 ad
109 1027 185 1083 Plat.
194 1025 335 1097 Eutqphr.
345 1042 376 1098 p.
388 1025 444 1087 80.
462 1026 520 1083 Sed
532 1044 594 1083 cum
607 1027 766 1083 Puteaneus
781 1031 897 1097 quaesta
910 1027 1080 1082 interiectum

61 1111 169 1175 ιιοιιοοι,
183 1111 339 1182 quaeritur,
353 1125 434 1181 quem
447 1126 556 1166 sensum
567 1111 618 1167 sub
631 1110 686 1166 lac
696 1111 857 1181 corruptela
863 1111 950 1165 latere
955 1111 1076 1167 uelimus.

61 1196 225 1267 Dionysium
239 1196 338 1264 opinor
353 1194 449 1252 dedita
464 1210 552 1267 opera
565 1198 657 1251 omnia
667 1194 784 1268 tenire,
804 1200 835 1250 ut
847 1201 1078 1251 contemneretur.

64 1278 110 1335 Sic
127 1277 535 1350 alemannorumque
551 1286 623 1337 ιιιιιιο
637 1292 697 1335 esse
712 1279 798 1348 aetla,
815 1294 851 1334 ex
865 1277 1000 1335 industria
1013 1276 1078 1350 fac·

63 1369 107 1418 tus
123 1362 164 1418 od
178 1363 351 1417 imitationem
366 1364 492 1418 stultitiae
502 1362 587 1419 Bruti
600 1378 706 1436 qaoque
719 1362 797 1418 haud
811 1360 907 1418 abnuit
919 1376 1076 1435 caqnomen.

61 1446 122 1503 ιιι.
136 1445 222 1517 156,
235 1452 263 1506 8
291 1444 387 1518 Neque
406 1451 619 1519 repuquantea‚
636 1461 708 1521 quae
724 1446 932 1536 ιιοΙιίοιιφιιο’
920 1461 981 1517 ipso
1000 1444 1080 1537 apud

62 1486 247 1587 Plutarchum
270 1529 364 1585 Timol.
388 1545 413 1585 c.
437 1538 471 1590 14
498 1532 644 1603 loquutur.-
674 1528 832 1585 rairu-
853 1514 1005 1584 ὥονιο-
1027 1513 1079 1584 τὸν

64 1603 290 1669 Διονύσιον-
247 1606 379 1684 -imiq
393 1610 448 1669 τοῦ
462 1615 736 1705 καταφρονεῖσθαι
735 1606 786 1669 καὶ
799 1629 841 1685 μη
832 1585 985 1708 φοβερὸν
1001 1599 1079 1667 εἶναι

63 1714 125 1766 τοις
132 1693 311 1791 Κορινθίοις
323 1685 393 1770 μηδ’
408 1685 782 1771 ὕποπτον-ἐπιτηδεύειν
795 1691 848 1753 uui
861 1684 1080 1770 ὑποκρίνεσθαι

61 1768 144 1858 παρὰ
158 1773 263 1853 φυσιν.
287 1782 377 1849 Quam
388 1782 421 1837 ob
436 1797 496 1838 rem
506 1786 666 1840 coniectura
680 1798 712 1838 eo
727 1783 827 1853 ducor,
839 1789 869 1838 ut
882 1782 975 1839 omnia
991 1798 1078 1853 qnae·

62 1869 116 1924 sita
133 1867 230 1931 iacere
253 1860 287 1939 (i.
298 1882 321 1922 e
334 1867 403 1922 nihil
416 1865 516 1939 facere
529 1869 585 1924 nisi
602 1860 769 1940 quaesitum)
786 1867 928 1937 teqendum
943 1880 1003 1921 csse
1016 1879 1079 1921 cen·

63 1966 149 2009 seam.
167 1949 212 2023 Cf.
221 1949 292 2021 119,
305 1957 322 2012 3
336 1967 432 2008 omnes
448 1952 553 2010 amicos
565 1950 678 2023 tyranni
694 1949 846 2007 nominavit
860 1947 933 2024 (nur
945 1948 1079 2005 Freunde

62 2037 111 2092 des
126 2027 305 2109 Tyrannen.)
326 2034 400 2092 XLI
412 2043 446 2107 ι,
463 2046 480 2096 5
500 2037 629 2094 omnibus
647 2034 740 2092 servis
758 2034 950 2090 nascentibus.
977 2033 1080 2089 Horat.

63 2127 114 2175 sat.
135 2119 156 2175 I
174 2127 208 2190 3
224 2127 259 2180 13
281 2120 374 2177 omnia
398 2137 499 2191 magna
519 2122 650 2217 loquens.
684 2118 741 2176 Cic.
764 2118 799 2173 da
821 2115 1011 2187 arat.1140,
1029 2120 1081 2175 170

63 2204 212 2261 simulasse
241 2210 269 2258 te
291 2212 320 2260 et
341 2204 447 2275 aliquid
468 2205 615 2277 quaesisse
636 2203 816 2277 perspicuum
836 2207 888 2258 est.
923 2201 967 2257 Ne
989 2206 1080 2255 tomen

62 2289 197 2360 scriptori
215 2287 289 2359 quod
310 2289 428 2344 noluerit
445 2291 567 2345 intulisse
585 2289 694 2360 uidear,
717 2288 984 2359 conscripturum,
1006 2299 1079 2378 quae

57 2380 178 2445 praeter
195 2378 302 2427 ceteras
319 2372 455 2428 codicibus
474 2379 501 2429 et
513 2372 663 2429 Plutarchi
676 2372 765 2428 οονιίο
783 2367 877 2426 caritot
896 2358 1079 2443 ἐπιτηδεύειν

63 2456 287 2524 commendatur,
306 2456 396 2512 omnia
412 2455 466 2513 ista
482 2458 576 2514 iacere
593 2459 700 2512 restitui
771 2458 987 2512 contemnendas
1002 2454 1028 2512 A
1045 2451 1079 2529 (v

61 2555 126 2612 sup.
142 2537 174 2614 a)
240 2536 324 2611 §8¹
317 2557 346 2595 m
365 2541 498 2598 tribioA
561 2546 608 2597 ant
630 2559 645 2597 a
666 2558 721 2597 non
740 2538 821 2612 Bonq
837 2542 975 2597 BCDEL.
992 2558 1008 2597 a
1025 2556 1078 2596 om.

62 2623 101 2682 R.
123 2623 297 2696 Praepositio
319 2625 456 2680 interdum
471 2628 501 2684 ia
522 2626 628 2696 optimis
652 2626 731 2681 codd.
752 2626 839 2682 altero
861 2628 919 2682 loco
940 2627 1078 2690 omittitur,

61 2712 90 2764 a
114 2707 295 2764 deterioribus
315 2714 402 2764 extat.
434 2708 477 2781 ef.
502 2707 580 2764 Vtra
597 2715 627 2773 5,
652 2715 693 2768 ιι.
714 2707 782 2764 Xtt
795 2717 842 2778 11,
860 2716 887 2766 n.
907 2705 1082 2763 rarum
1146 2711 1166 2740 =

65 2798 143 2864 10,4
206 2788 228 2863 ὅ
244 2798 262 2852 9
282 2793 437 2861 tyrannicis
455 2790 605 2866 (tyrannus
623 2793 667 2847 his
684 2790 777 2866 Ducis)
797 2787 875 2848 vitiis
895 2806 1007 2862 semper
1029 2791 1080 2845 ab-

62 2876 184 2932 undaret
202 2874 284 2947 Bonq
295 2876 383 2931 Bueb.
410 2876 535 2947 tyrannis
558 2875 620 2942 (tir.
639 2873 717 2950 GM)
738 2892 850 2948 semper
865 2874 943 2932 vitiis
958 2872 1080 2929 abundet

64 2956 146 3033 (hab.
162 2954 230 3034 GM)
250 2958 341 3016 Aen.
357 2959 482 3016 tirannus
499 2977 584 3031 semp.
604 2959 686 3015 viciis
702 2961 843 3016 habundat
858 2959 888 3016 a.
906 2974 993 3029 semp.
1009 2956 1080 3012 vici-

64 3044 107 3106 nis
124 3040 195 3116 (ciis
207 3057 270 3114 sup.
282 3039 376 3118 cinis)
397 3050 531 3113 tyrannus
546 3044 701 3100 abundaret
713 3045 748 3099 B.
770 3042 870 3115 tiripui
891 3058 980 3113 semp.
996 3040 1081 3098 viciis

63 3128 167 3183 hindei
181 3126 218 3182 tt.
240 3143 328 3198 semp.
349 3127 398 3184 vit.
412 3127 566 3198 tyrannicis
586 3129 742 3184 abundarat
756 3128 791 3182 E.
813 3126 969 3197 tyrannicis
991 3142 1079 3197 semp.

62 3211 113 3267 vit.
137 3211 293 3267 abundaret
314 3211 350 3267 F.
374 3211 477 3267 tiranni
499 3212 543 3268 his
560 3211 610 3267 vit.
632 3228 719 3283 semp.
741 3212 851 3268 handel
864 3211 898 3267 t.
929 3210 993 3267 Non
1012 3215 1080 3283 puto

61 3298 129 3350 eatis
143 3310 258 3367 qraoem
272 3310 388 3350 causam
402 3309 469 3363 esse,
481 3296 557 3366 quod
569 3295 604 3352 ab
621 3301 685 3366 opit.
700 3296 777 3351 codd.
794 3296 952 3351 recedatur.
970 3296 1081 3366 Tyran-

61 3380 126 3435 nide
145 3380 202 3450 ipsi
219 3382 336 3451 tyranni
347 3382 548 3452 siqnificantur.
584 3378 638 3445 Qui
649 3381 775 3451 quamvis
788 3381 857 3436 uitiis
870 3379 1083 3450 inquinatissimi

60 3466 116 3521 risit
135 3459 209 3537 (eta.
225 3463 302 3520 Lael.
327 3473 378 3537 15,
393 3467 457 3535 52),
477 3478 511 3521 ea
528 3470 620 3521 tamea
631 3463 747 3521 vivendi
759 3466 846 3535 ratio,
860 3480 917 3536 quo
932 3461 1082 3534 Dionysius
