2442 3975
66 269 121 324 ΧΠ
133 274 187 325 ot
405 261 497 331 111s‘n.
514 284 607 331 euru.
624 285 714 333 nem.
1021 281 1061 343 83
1108 313 1112 321 ·

68 428 142 491 inter
155 434 276 493 infestas
292 443 320 493 et
334 435 462 493 inritatas
478 433 559 493 bello
576 445 680 510 gentes
699 437 842 497 destituat.
861 420 1101 521 hlnltum'prod't

66 514 149 574 luere
159 513 344 575 Callisthenis
352 516 518 595 philosophi
527 535 645 594 preces,
658 521 887 599 condiscipulatu
899 525 1061 601 apndAris·

66 598 175 657 totelen
196 599 345 658 familiaris
367 599 408 657 illi
426 609 455 662 et
475 608 540 658 tnnc
555 601 590 659 ab
607 602 671 678 ipso
689 621 759 678 rege
783 604 818 663 ad
836 606 984 681 prodenda
1001 625 1062 666 me·

65 683 175 739 moriae
200 691 263 740 acta
284 683 346 740 eius
368 682 487 740 accitus.
521 681 673 742 Revocato
697 687 782 761 igitur
808 687 843 745 ad
864 687 941 746 bella
967 691 1103 755 animone

68 760 243 823 Ch'arasmos
260 773 289 822 et
303 763 401 823 Dahas
418 766 447 823 in
463 765 638 825 deditionem
653 770 778 845 accepit.

130 846 158 903 7.
180 845 271 920 Dein,
288 847 365 923 quod
382 849 473 923 primo
488 866 527 907 ex
546 848 665 909 Persico
690 851 845 928 superbiae
862 852 963 929 regiae
978 866 1085 917 morel

65 926 233 1002 distulerat,
249 947 285 986 ne
302 930 394 987 omnia
408 931 516 1007 pariter
529 932 716 991 invidiosiora
729 943 843 1007 essent,
858 951 916 993 nou
930 936 1058 1010 salutari,

67 1011 120 1068 sed
138 1010 252 1082 adorari
267 1029 299 1069 se
316 1011 404 1071 iubet.
437 1012 602 1071 Acerrimus
625 1015 699 1074 inter
715 1026 886 1075 recusantes
902 1016 1085 1080 Callisthei

65 1109 119 1150 nes
133 1092 194 1150 luit.
230 1092 312 1165 Quae
328 1112 376 1152 res
394 1104 423 1153 et
444 1094 485 1153 illi
507 1104 536 1153 et
557 1095 653 1154 multis
674 1098 853 1175 principibus
869 1098 1058 1169 Macedonum

67 1177 155 1235 exitio
171 1175 240 1251 luit,
257 1176 396 1253 siquidem
414 1176 467 1234 sub
491 1179 592 1254 specie
607 1178 771 1238 insidiarum
787 1197 888 1252 omues
902 1178 1067 1241 interlecti(

65 1256 205 1316 Retentus
217 1267 311 1317 tamen
331 1269 375 1319 est
388 1276 403 1317 a
415 1258 623 1319 Macedonibus
638 1262 739 1320 modus
758 1262 898 1328 salutandi
912 1266 991 1340 regis
1008 1282 1060 1324 ex·
1070 1275 1096 1329 3v

65 1340 150 1417 plosa
168 1340 349 1401 adoratione.

127 1423 197 1482 Post
223 1424 297 1483 haec
323 1424 430 1490 Indiam
456 1426 543 1502 petit,
571 1434 600 1484 ut
628 1443 738 1485 oceano
766 1427 925 1505 ultimoque
948 1429 1087 1491 oriented

65 1506 160 1565 finiret
180 1507 339 1584 imperium.
371 1504 424 1565 Cui
445 1507 557 1584 gloriae
577 1517 608 1566 ut
629 1511 714 1566 etiarn
731 1513 877 1568 exercitus
893 1520 1084 1573 oruamenta5

67 1591 268 1664 convenirent,
299 1589 433 1668 phaleras
450 1607 588 1667 equorum
605 1594 634 1649 'et
654 1606 731 1650 arma
749 1591 867 1650 militum
881 1601 1001 1667 argento
1017 1593 1057 1649 in·

66 1672 144 1731 ducit
166 1674 382 1749 exercitumque
404 1691 484 1732 suum
498 1672 533 1732 ab
553 1673 700 1748 argenteis
715 1673 826 1751 clypeis
844 1665 1057 1751 Argyraspidas

66 1754 234 1833 appellavit.
267 1753 336 1814 Gum
358 1754 392 1813 ad
406 1754 510 1838 ‘Nysam
542 1756 640 1814 urbem
662 1758 807 1832 venisset,
830 1756 983 1833 oppidanis
999 1766 1085 1820 nonu

64 1837 293 1915 repugnantibus
307 1837 409 1896 fiducia
422 1837 572 1914 religionis
589 1837 685 1896 hiberi
707 1841 813 1915 patris,
835 1856 924 1915 aquo
942 1838 1056 1897 condita

54 1920 135 1979 -urbs
164 1930 242 1994 erat,
266 1921 346 1998 parci
367 1921 465 1995 iussit,
487 1920 580 1980 laetus
601 1938 657 1978 non
672 1922 798 1981 militiam
814 1929 936 1996 tantum,
957 1938 1056 1978 verum

68 2013 96 2064 et
110 2005 233 2079 vestigia
252 2023 285 2062 se
303 2003 356 2063 dei
366 2013 506 2064 secutum.
531 2003 609 2063 Tunc
625 2004 660 2062 ad
675 2004 872 2081 spectaculum
888 2005 964 2064 sacri
978 2012 1083 2067 mon-‘7

65 2089 102 2145 tis
118 2087 197 2146 duxit
217 2088 391 2160 exereitum,
410 2086 588 2145 naturalibus
602 2087 702 2162 bonis,
722 2088 780 2146 vite
796 2086 979 2163 hederaque,
999 2103 1057 2143 nou

66 2170 150 2229 aliter
168 2171 281 2243 vestiti,
309 2185 391 2245 quam
413 2171 436 2227 si
458 2186 540 2227 manu
563 2169 657 2227 cultus
685 2169 898 2245 colentiumque
918 2168 1056 2226 industria

66 2261 221 2311 exornatus
239 2260 333 2310 esset:
362 2250 414 2308 sed
431 2251 577 2309 exercitus
595 2252 675 2326 eius,
696 2251 744 2310 ubi
767 2250 940 2319 ad'moutem
956 2257 1084 2311 acces-8
1142 2248 1145 2253 ⁴

65 2338 117 2410 sit,
132 2335 283 2413 repentino
302 2334 408 2411 impetu
424 2335 526 2391 mentis
542 2335 570 2390 iu
585 2350 686 2392 sacros
701 2334 748 2393 dei
762 2334 886 2392 ululatus
905 2333 1055 2390 instinctus

6 2448 11 2455 ·
67 2437 128 2477 cum
140 2429 260 2495 stupore
276 2418 355 2492 regis
367 2417 428 2475 siue
440 2432 515 2474 noxa
526 2415 674 2491 discurrit,
690 2425 721 2474 ut
734 2416 921 2491 intellegeret
932 2422 1056 2473 nontam

66 2503 217 2578 oppidanis
236 2519 269 2559 se
283 2500 431 2578 parcendo
448 2515 532 2575 quam
547 2499 690 2556 exercitui
708 2515 760 2556 sno
776 2499 966 2558 cousuluisse.
987 2495 1084 2560 lndeb

64 2593 177 2644 montes
197 2583 346 2642 Daedalus
366 2600 514 2658 regnaque
537 2579 706 2658 cleophidis
729 2582 847 2657 reginae
865 2584 951 2659 petit:
982 2596 1056 2659 quae

66 2668 130 2726 curn
144 2683 177 2723 se
193 2664 351 2724 dedidisset
366 2666 408 2739 ei,
432 2664 585 2723 concubitu
603 2665 782 2740 redemptum
797 2681 916 2739 regnum
937 2662 972 2722 ab
988 2662 1055 2721 Ale·
1162 2708 1168 2721 .

64 2748 175 2808 xaudro
198 2747 327 2822 recepit,
348 2747 504 2808 inlecebris
520 2755 694 2820 consecuta,
718 2747 794 2823 quod
810 2749 915 2805 virtute
932 2760 990 2802 nou
1003 2759 1055 2820 po·

64 2840 153 2897 terat;
176 2827 320 2905 liliumque
348 2827 383 2886 ab
407 2845 442 2887 eo
466 2831 591 2904 genitum
607 2828 801 2887 Alexandrum
823 2828 993 2900 nominavit,
1010 2824 1098 2901 quito

64 2922 169 2993 postea
180 2926 277 2986 regno
292 2909 425 2969 ludorum
439 2913 546 2988 protitus
563 2920 618 2970 est.
652 2909 791 2988 Cleophis
813 2913 912 2986 regina
935 2914 1097 2983 propterll

64 2988 238 3076 prostratam
260 2993 424 3072 pudicitiam
447 2996 584 3053 scortum
597 2995 708 3069 regium
727 2993 762 3053 ab
780 2992 857 3053 ludis
876 2989 984 3061 ,exinde
1006 3003 1055 3063 ap·
1108 2986 1115 3009 '

64 3081 171 3159 pellata
185 3087 239 3155 est.
269 3078 425 3153 Peragrata
442 3074 521 3135 ludia
536 3095 598 3136 cum
615 3078 650 3136 ad
669 3079 769 3143 sarium
783 3075 871 3137 mirae
892 3069 1056 3148 asperitatis
1064 3079 1099 3133 12
1144 3120 1147 3124 .

65 3171 94 3221 et
110 3162 280 3236 altitudinis,
296 3163 324 3219 in
340 3160 416 3238 qnod
432 3161 510 3219 multi
525 3158 626 3237 populi
641 3159 845 3234 confugerant,
862 3153 1055 3232 pervenisset,

65 3246 216 3322 cognoscit
240 3242 409 3303 herculem
428 3242 463 3301 ab
487 3244 703 3318 expugnatione
725 3240 853 3299 eiusdem
876 3236 938 3296 saxi
958 3243 1056 3293 terrae

64 3338 142 3391 motu
156 3326 339 3406 prohibitum.
362 3324 470 3402 Captus
485 3327 582 3401 itaque
600 3324 733 3400 cupidine
746 3320 880 3381 Herculis
895 3327 957 3378 acta
970 3318 1114 3392 supe-13<

64 3430 130 3472 rare
145 3428 208 3472 cum
227 3426 335 3468 summo
356 3408 457 3469 labore
473 3425 507 3467 ao
521 3406 653 3484 periculo
669 3409 776 3484 potitus
789 3420 861 3464 saxo
877 3403 938 3461 eins
955 3413 1055 3459 omnes

64 3495 122 3556 loci
137 3503 241 3572 gentes
255 3493 284 3550 in
299 3490 474 3551 deditionem
492 3489 617 3566 accepit.
797 3483 851 3626 ’6.
949 3514 952 3521 ·
