2442 3975
75 225 238 277 xxxiao
271 236 278 246 ·
307 230 311 238 ·
411 229 713 278 mensurnorum.
997 216 1056 276 167

75 387 207 459 deretur,
239 382 428 458 omnibusque
458 382 623 460 perrogatis
647 391 824 460 postremum
849 383 1056 458 interrogasse.

76 469 139 542 Quo
157 468 207 527 illc
220 466 420 525 animadverso
437 466 610 540 intellegere
629 484 661 523 se
679 464 830 541 professus
847 474 908 538 est,
922 482 979 523 non
992 466 1087 541 quiaa

75 561 162 627 egeat
175 550 310 623 consilio,
326 548 379 608 sed
393 548 430 606 ad
445 549 636 625 supplendum
649 565 795 606 numerum
809 549 1014 616 sententiarum
1025 567 1058 606 se

76 644 223 695 vocatum:
247 642 342 692 tamen
359 639 388 689 et
403 631 474 690 odio
496 629 691 690 Romanorum
706 640 734 689 et
750 648 848 689 amore
869 631 962 705 regis,
984 631 1059 709 apud

76 735 161 795 quem
176 716 269 774 solum
287 724 375 772 tutum
391 713 507 773 exilium
523 714 577 772 sibi
591 714 724 772 relictum
737 717 789 788 sit,
806 733 838 772 se
854 714 928 772 viam
939 713 1060 789 gerendi

75 801 147 859 belli
168 798 382 868 edisserturum.
415 799 536 858 Veniam
555 796 658 856 deinde
679 796 805 856 libertati
821 797 970 874 praelatus
990 796 1088 860 nilrila

75 892 173 942 aeaut
194 880 378 947 consiliorum
400 889 447 939 aut
468 889 638 957 coeptorum
655 882 850 956 praesentium
867 879 994 957 probare
1012 880 1059 953 ait,

76 983 172 1041 neque
187 963 288 1021 sedern
304 962 374 1022 belli
388 962 539 1022 Graeciam
554 963 608 1022 sibi
624 964 759 1040 placere,
776 980 839 1021 cum
854 964 882 1021 in
895 962 977 1021 ltalia
990 961 1059 1019 ube-

77 1051 138 1107 rior
151 1048 271 1105 materia
287 1046 337 1103 sit:
360 1047 467 1123 quippe
490 1046 637 1106 Romanos
657 1048 732 1105 vinci
748 1064 806 1105 non
825 1047 880 1104 nisi
899 1047 984 1105 armis
1000 1047 1088 1107 suisa

77 1149 167 1210 posse
181 1148 235 1187 nec
249 1128 359 1198 ltaliam
376 1129 461 1187 aliter
476 1148 560 1205 quarn
579 1129 695 1198 Italicis.
707 1128 816 1187 viribus
839 1128 948 1205 subigi:
973 1129 1059 1206 siqui·

76 1214 140 1272 dem
162 1214 309 1270 diversum
326 1214 434 1271 ceteris
453 1213 623 1273 mortalibus
644 1231 711 1271 esse
730 1211 801 1271 illud
822 1221 850 1270 et
868 1211 1010 1270 hominum
1031 1219 1061 1269 et

76 1296 147 1356 belli
165 1313 267 1370 genus.
300 1294 374 1353 aliis
388 1294 474 1354 bellis
490 1296 640 1373 plurimum
655 1297 790 1353 momenti
807 1295 916 1354 habere
934 1296 1088 1373 priorem5

76 1380 199 1456 aliquam
225 1379 341 1454 cepisse
367 1380 552 1438 occasionem
578 1380 637 1438 loci
660 1381 876 1455 temporisque,
904 1395 992 1454 agros
1014 1395 1059 1435 ra·
1149 1397 1153 1405 ·

76 1465 190 1540 puisse,
206 1460 295 1519 urbes
312 1461 424 1537 aliquas
440 1480 639 1539 expugnasse:
657 1479 721 1520 curn
737 1462 883 1535 Romano,
906 1480 958 1519 seu
972 1478 1058 1519 occu-

77 1544 193 1622 paveris
208 1544 288 1620 prior
304 1543 399 1619 aliqua
421 1562 473 1603 seu
489 1546 613 1617 viceris,
635 1553 730 1602 tamen
750 1545 834 1602 etiam
856 1561 919 1601 curn
936 1544 1014 1602 victo
1031 1550 1060 1600 et

76 1629 190 1685 iacente
208 1624 371 1683 luctandum
392 1644 469 1685 esse.
505 1626 595 1696 Quam
612 1625 725 1684 obrem
741 1628 765 1683 si
788 1628 850 1700 quis
866 1644 918 1685 eos
933 1627 961 1683 in
975 1624 1089 1688 ltaliae

76 1709 257 1781 lacessierit,
280 1708 339 1765 suis
363 1724 416 1765 eos
433 1707 552 1783 opibus,
568 1710 628 1766 suis
642 1708 767 1782 viribus,
790 1709 848 1766 suis
869 1710 953 1766 armis
969 1725 1059 1785 posse
1133 1737 1137 1742 ·

76 1793 211 1863 vincere,
233 1790 392 1865 sicutipse
413 1790 526 1848 lecerit.
558 1792 608 1849 Sin
627 1792 699 1848 vero
723 1791 785 1867 quis
806 1791 865 1849 illis
884 1789 964 1850 ltalia
980 1791 1087 1852 veluti

76 1874 157 1933 fonte
175 1873 274 1929 virium
291 1874 428 1944 cesserit,
452 1872 573 1948 proinde
589 1872 650 1930 falli
671 1891 706 1931 ac
720 1876 744 1931 si
760 1875 824 1949 quis
839 1891 936 1931 amnes
951 1890 1008 1931 non
1023 1871 1060 1930 ab

55 1991 61 1999 ·
76 1957 148 2034 ipsis
165 1956 284 2014 fontium
300 1955 464 2032 primordiis
479 1954 622 2031 derivare,
638 1955 690 2015 scd
704 1957 847 2014 concretis
859 1957 913 2015 iarn
924 1973 1060 2033 aquarum

76 2038 200 2098 molibus
213 2046 346 2097 avertere
358 2038 406 2096 rel
420 2039 571 2097 exsiccare
584 2039 663 2096 velit.
684 2039 764 2097 Haec
777 2047 806 2097 et
818 2049 934 2097 secreto
948 2058 979 2097 se
993 2056 1058 2097 cen·
1071 2047 1091 2101 8

77 2123 171 2181 suisse
193 2122 327 2196 ultroque
348 2122 533 2179 ministerium
558 2121 670 2179 consilii
690 2124 733 2180 sui
756 2122 914 2196 obtulisse,
938 2131 967 2180 et
986 2139 1061 2179 nunc

75 2203 277 2283 praesentibus
296 2206 393 2262 amicis
411 2204 477 2263 ideo
495 2205 657 2281 repetisse,
679 2213 709 2262 ut
731 2207 838 2263 scirent
859 2222 958 2264 omues
973 2207 1060 2263 ratio·

75 2306 141 2346 nem
155 2287 278 2363 gerendi
293 2305 356 2345 curn
371 2285 505 2346 Romanis
520 2287 604 2361 belli,
621 2304 732 2365 eosque
745 2288 815 2346 loris
829 2289 968 2362 invictos,
984 2287 1061 2346 dorni

75 2370 196 2445 fragiles
218 2387 296 2428 esse.
332 2366 404 2429 Nam
426 2372 504 2447 prius
526 2370 594 2429 illos
616 2370 688 2429 urbe
710 2389 792 2449 quam
815 2373 954 2448 im‘perio,
981 2371 1089 2448 prius9

75 2453 157 2514 ltalia
173 2471 257 2530 quam
272 2454 431 2530 provinciis
447 2455 513 2511 exui
530 2471 633 2531 posse:
652 2455 759 2531 quippe
776 2463 813 2512 et
819 2472 835 2513 a
852 2454 942 2514 Gallis
957 2462 1060 2531 captos

14 2566 18 2571 ·
76 2545 106 2595 et
121 2555 136 2595 a
153 2555 185 2595 sc
200 2554 295 2633 prope
312 2536 427 2596 deletos
445 2555 528 2603 esse;
547 2554 644 2614 neque
661 2555 793 2614 umquam
808 2556 840 2596 se
856 2538 960 2596 victum
981 2538 1061 2615 prius

76 2637 160 2698 quam
172 2621 259 2678 terris
272 2638 372 2678 eorum
385 2623 523 2680 cesserit:
539 2637 661 2678 reverso
675 2618 875 2696 Carthaginem
891 2612 985 2681 statim
997 2637 1061 2679 cum

75 2702 144 2760 loco
161 2702 301 2760 fortunam
316 2703 387 2762 belli
402 2713 546 2763 mutatam

140 2785 169 2843 6
192 2783 264 2844 Huic
281 2788 441 2845 sententiae
456 2787 670 2846 obtrectatores
686 2788 768 2846 amici
783 2788 862 2862 regis
885 2794 982 2857 erant,
1003 2795 1088 2845 ιιοιι1

75 2867 226 2925 utilitatem
242 2870 284 2926 rei
304 2871 483 2945 cogitantes,
501 2869 552 2928 sed
572 2879 725 2944 verentes,
744 2868 919 2947 reprobato
937 2865 1059 2924 consilio

76 2951 139 3009 eius
153 2951 271 3027 primum
288 2952 364 3028 apud
375 2969 475 3026 regem
488 2953 582 3011 locum
597 2955 709 3028 gratiae
722 2959 903 3027 occuparet.¹
911 2947 949 3006 Et
959 2946 1059 3005 Antio·
1072 2957 1090 3008 2

76 3034 131 3093 cho
147 3050 204 3092 non
215 3042 323 3092 tantum
335 3035 485 3109 consilium
501 3053 584 3113 quam
596 3045 697 3095 auctor
709 3032 898 3129 displicebat,
915 3048 952 3087 ne
961 3030 1061 3125 gloria

73 3119 214 3177 victoriae
233 3117 396 3193 Annibalis,
415 3134 472 3176 non
491 3136 543 3177 sua
559 3128 648 3177 esset.
681 3116 779 3175 Omnia
800 3116 886 3190 igitur
908 3114 994 3171 variis
1012 3112 1060 3170 ad·
1050 3123 1090 3175 -3

73 3203 264 3259 sectationum
280 3200 490 3260 adulationibus
507 3200 780 3278 corrumpebantur,
796 3197 865 3255 nihil
881 3195 1001 3255 consilio
1013 3193 1061 3253 vel

11 3284 13 3289 “
73 3285 187 3341 ratione
204 3283 352 3358 agebatur.
379 3284 471 3342 Rex
462 3301 526 3360 rpse
547 3302 602 3361 per
615 3282 767 3342 hiemem
759 3299 788 3339 ιιι
806 3279 945 3339 luxuriam
961 3277 1060 3354 lapsus

73 3383 158 3423 nouus
172 3365 278 3424 cotidie
294 3367 400 3442 nuptiis
416 3365 529 3424 deditus
544 3374 617 3424 erat
648 3363 752 3424 Contra
769 3362 898 3435 Acilius,
915 3360 1089 3422 Romanusl
1135 3428 1137 3433 ,
1197 3352 1200 3356 ’

74 3447 195 3523 consul,
212 3449 258 3523 qui
274 3448 310 3506 ad
321 3447 495 3507 lrocbellum
510 3466 614 3507 missus
626 3456 689 3506 erat
695 3447 837 3523 ,copias,
854 3461 931 3532 arma
948 3451 1059 3503 cetera
1127 3528 1132 3536 .
